1261 1917
184 78 199 107 1
206 77 247 108 OS
547 79 819 103 APXAIOAOFJAE

183 158 301 189 οὐσίαν
320 158 361 198 ἣν
381 159 398 190 ὁ
417 159 547 196 πάππος
567 158 669 189 αὐτοῦ
685 159 838 195 Σάουλος
853 157 1017 198 ἐκτήσατο,
1038 159 1193 190 σύσσιτόν

183 222 217 241 τε
241 209 294 242 καὶ
319 211 538 253 ὁμοτράπεζον
559 210 728 242 ἐκέλευσεν
752 208 836 242 εἶναι
860 210 913 241 καὶ
938 212 1099 252 μηδεμίαν
1118 211 1193 252 ἡμέ-

185 275 248 304 ραν
272 264 508 295 ἀπολείπεσθαι
532 268 590 304 τῆς
619 265 680 294 σὺν
711 263 798 306 αὑτῷ
823 264 957 304 διαίτης.
1004 265 1112 304 <115>
1136 268 1193 295 τοῦ

185 315 220 347 δὲ
245 317 364 353 παιδὸς
387 317 677 357 προσκυνήσαντος
697 315 752 347 ἐπί
768 327 802 346 τε
826 322 895 353 τοῖς
918 317 1028 356 λόγοις
1051 315 1105 347 καὶ
1124 322 1195 353 ταῖς

184 370 332 411 δωρεαῖς,
351 369 489 406 καλέσας
508 370 566 400 τὸν
582 370 691 409 Σιβὰν
706 370 764 400 τόν
779 380 812 399 τε
827 374 979 411 πατρῷον
999 367 1090 400 οἷκον
1106 370 1195 409 ἔλεγε
1208 379 1221 398 5

184 423 395 464 δεδωρῆσθαι
420 427 464 464 τῷ
488 421 581 453 παιδὶ
606 420 659 452 καὶ
683 426 791 453 πᾶσαν
815 422 875 461 τὴν
894 423 1050 453 Σαούλου
1070 426 1195 462 κτῆσιν,

184 475 285 506 αὐτόν
314 473 342 506 τ’
375 474 544 506 ἐκέλευσεν
579 474 795 515 ἐργαζόμενον
824 475 926 505 αὐτοῦ
958 475 1019 514 τὴν
1049 479 1112 515 γῆν
1141 473 1196 506 καὶ

185 529 435 568 προνοούμενον
459 527 613 558 ἁπάντων
641 528 700 567 τὴν
724 528 890 568 πρόσοδον
921 529 967 564 εἰς
987 526 1196 568 Ἱεροσόλυμα

183 581 338 620 κομίζειν,
362 581 455 619 ἄγειν
479 579 506 611 τ’
529 580 630 611 αὐτὸν
649 579 727 611 καθ’
751 579 888 620 ἑκάστην
912 579 1037 621 ἡμέραν
1061 579 1112 611 ἐπὶ
1136 580 1196 620 τὴν

185 632 287 663 αὑτοῦ
311 632 485 673 τράπεζαν,
517 633 617 663 αὐτόν
645 645 679 663 τε
707 634 764 664 τὸν
788 634 897 673 Σιβὰν
925 632 978 664 καὶ
1002 634 1079 670 τοὺς
1102 633 1197 670 υῐοὺς
1212 642 1236 662 1⁰

186 685 288 716 αὐτοῦ
314 682 412 725 (ἦσαν
437 684 466 716 δ’
494 683 585 716 οὗτοι
615 685 859 726 πεντεκαίδεκα)
883 684 937 716 καὶ
965 687 1042 722 τοὺς
1070 684 1196 722 οἰκέτας

185 737 297 777 αὐτοῦ,
322 739 380 769 τὸν
404 738 549 779 ἀριθμὸν
571 740 668 775 ὄντας
693 741 826 777 εἴκοσιν,
850 743 894 781 τῷ
918 737 1010 769 παιδὶ
1034 739 1196 779 χαρίζεται

186 791 431 833 ,Μεμφιβόσθῳ
461 791 568 830 <116>
585 795 686 822 ταῦτα
702 790 939 831 διαταξαμένου
954 795 1013 822 τοῦ
1028 789 1197 831 βασιλέως,

185 843 201 874 ὁ
229 841 295 883 ’μὲν
319 844 425 883 Σιβὰς
453 844 683 884 προσκυνήσας
710 843 764 874 καὶ
793 844 898 874 πάντα
922 844 1072 883 ποιήσειν
1096 843 1197 874 εἰπὼν

184 895 401 936 ἀνεχώρησεν,
426 896 443 927 ὁ
468 895 497 926 δ’
526 896 682 926 Ιωνάθου
706 901 782 932 παῖς
806 895 841 926 ἐν
861 895 1100 937 Ἱεροσολύμοις
1122 908 1196 927 κατ-
1212 904 1236 925 15

184 948 274 990 ςόκει,
308 949 568 988 συνεστιώμενος
602 953 645 990 τῷ
676 949 805 988 βασιλεῖ
835 947 889 979 καὶ
923 948 1027 988 πάσης
1058 949 1102 985 ὡς
1124 949 1197 986 υίὸς

184 1000 286 1032 αὐτοῦ
309 1002 488 1042 θεραπείας
506 1001 686 1041 τυγχάνων.
729 999 856 1040 ἐγένετο
877 1000 906 1031 δ’
930 1000 1016 1043 αὐτῷ
1035 1000 1089 1032 καὶ
1108 1007 1195 1042 παῖς,

185 1054 224 1085 ὃν
248 1054 363 1094 Μιχὰν
387 1055 641 1094 προσηγόρευσε.

149 1106 168 1137 6
252 1106 360 1146 <117>
383 1105 437 1136 καὶ
462 1106 496 1137 οἱ
517 1104 578 1146 μὲν
601 1105 871 1147 περιλειφθέντες
900 1105 934 1137 ἐκ
957 1110 1015 1137 τοῦ
1040 1107 1197 1138 Σαούλου

185 1159 302 1199 γένους
321 1158 374 1189 καὶ
393 1158 553 1189 Ἰωνάθου
572 1160 698 1190 τούτων
719 1160 834 1199 ἔτυχον
853 1159 940 1199 παρὰ
959 1160 1112 1190 Δαυίδου
1131 1149 1236 1191 τῶν-20

186 1217 302 1252 τιμῶν·
327 1212 582 1251 τελευτήσαντος
606 1210 641 1242 δὲ
670 1211 739 1243 κατ’
767 1211 893 1242 ἐκεῖνον
916 1212 975 1242 τὸν
998 1213 1114 1253 καιρὸν
1138 1217 1196 1243 τοῦ

184 1270 251 1295 τῶν
272 1263 477 1305 Ἀμμανιτῶν
501 1264 661 1305 βασιλέως
685 1264 824 1296 Ναάσου
843 1263 955 1305 (φίλος
979 1263 1009 1295 δ’
1035 1262 1077 1304 ἦν
1101 1262 1197 1302 οὗτος

186 1316 287 1360 αὐτῷ)
321 1316 374 1348 καὶ
408 1317 644 1358 διαδεξαμένου
683 1318 743 1357 τὴν
776 1318 946 1358 βασιλείαν
975 1315 1100 1348 Ἀννὼν
1136 1321 1195 1348 τοῦ

185 1371 317 1409 παιδός,
348 1369 477 1410 πέμψας
504 1370 654 1410 Δαυίδης
686 1371 768 1411 πρὸς
800 1370 902 1401 αὐτὸν
929 1371 1196 1411 παρεμυθήσατο,

185 1422 296 1465 πρᾴως
315 1434 348 1453 τε
368 1421 483 1463 φέρειν
503 1421 555 1453 ἐπὶ
575 1427 619 1464 τῷ
638 1423 772 1465 θανάτῳ
795 1427 854 1454 τοῦ
873 1423 995 1463 πατρὸς
1014 1428 1195 1463 παραινῶν,
1210 1431 1234 1452 2⁵

186 1475 239 1507 καὶ
268 1476 328 1516 τὴν
356 1476 459 1515 αὐτὴν
488 1477 605 1515 φιλίαν
633 1476 801 1516 διαμενεῖν
832 1475 851 1515 ’ἢ
883 1476 965 1516 πρὸς
998 1475 1124 1506 ἐκεῖνον
1153 1473 1195 1515 ἧν

186 1530 289 1571 τούτῳ
305 1529 502 1569 προσδοκᾶν.
544 1528 653 1568 <118>
675 1529 708 1559 οἱ
726 1527 761 1558 δὲ
780 1534 847 1559 τῶν
860 1527 1063 1568 Ἀμμανιτῶν
1077 1528 1195 1568 ἄρχον-

187 1593 237 1618 τες
261 1582 444 1620 κακοήθως,
469 1579 540 1611 ἀλλ’
562 1581 602 1611 οὐ
626 1581 706 1611 κατὰ
730 1581 788 1611 τὸν
808 1585 866 1611 τοῦ
885 1581 1038 1611 Δαυίδου
1060 1582 1195 1621 τρόπον,

186 1632 275 1665 ταῦτ’
303 1632 464 1672 ἐδέξαντο,
487 1632 541 1664 καὶ
560 1634 780 1674 παρώτρυναν
799 1633 857 1663 τὸν
876 1632 1021 1673 βασιλέα,
1044 1632 1195 1672 λέγοντες

186 1687 410 1723 κατασκόπους
437 1685 643 1726 πεπομφέναι
674 1690 731 1726 τῆς
754 1686 861 1727 χώρας
884 1686 1038 1725 Δαυίδην
1060 1684 1114 1716 καὶ
1138 1690 1195 1726 τῆς
1208 1693 1233 1714 3⁰

257 1750 271 1778 ᾗ
288 1750 337 1772 115
359 1760 389 1768 =
411 1750 425 1772 2
445 1746 513 1779 Reg.
533 1746 569 1771 IX
588 1749 611 1772 9.
685 1749 699 1777 ξ
717 1750 765 1773 117
786 1759 818 1768 =
841 1749 852 1771 l
874 1746 963 1772 paral.
985 1746 1047 1771 XIX
1064 1749 1085 1772 l.
