1261 1917
518 67 638 92 ENATH
1017 64 1081 97 293

71 145 312 183 κατασκευάσας
336 147 509 187 θησαυρὸν
533 145 586 177 καὶ
605 147 736 183 κλείσας
754 147 975 187 πανταχόθεν,
998 146 1083 186 ὀπὴν

72 198 107 230 ἐν
131 198 217 241 αὐτῷ
241 200 320 239 μιάν
345 198 499 242 ἀνέῳξεν·
525 200 634 230 ἔπειτα
658 198 731 236 θεὶς
755 199 801 236 εἰς
824 200 860 230 τὸ
886 199 976 240 ἱερὸν
995 200 1082 240 παρὰ

71 252 128 283 τὸν
151 252 263 292 βωμὸν
287 250 457 283 ἐκέλευσεν
476 250 613 283 ἕκαστον
632 252 712 283 ὅσον
731 252 883 292 βούλεται
903 254 1017 292 βαλεῖν
1037 253 1084 289 εἰς

71 303 171 335 αὐτὸν
196 304 250 335 διὰ
274 308 331 344 τῆς
350 304 432 344 ὀπῆς
451 305 498 341 εἰς
516 304 576 344 τὴν
596 303 771 344 ἐπισκευὴν
790 308 849 335 τοῦ
869 308 960 335 ναοῦ.
1000 305 1083 344 πρὸς

45 360 167 388 5τοῦτο
191 361 253 394 πᾶς
277 357 294 388 ὁ
318 358 397 394 λαὸς
421 354 458 388 εὖ
481 356 625 397 διετέθη,
651 356 704 388 καὶ
728 358 835 388 πολὺν
858 358 1006 398 ἄργυρον
1029 356 1082 387 καὶ

70 410 193 451 χρυσὸν
224 410 496 451 φιλοτιμούμενοι
524 409 578 441 καὶ
607 409 881 451 συνεισφέροντες
908 410 1082 450 ἤθροισαν.

71 462 186 502 <164>
210 467 384 500 κενοῦντες
412 461 448 494 δὲ
477 464 535 494 τὸν
559 464 732 504 θησαυρὸν
759 462 813 494 καὶ
837 464 1001 503 παρόντος
1024 466 1082 494 τοῦ

70 514 229 555 βασιλέως
252 515 475 556 ἀριθμοῦντες
499 517 534 547 τὸ
559 515 813 556 συνειλεγμένον
837 516 854 547 ὅ
878 527 912 547 τε
936 527 1083 557 γραμμα-

70 569 143 606 τεὺς
170 567 224 599 καὶ
253 569 269 600 ὁ
299 569 405 609 ἱερεὺς
432 574 500 600 τῶν
528 570 794 609 γαζοφυλακίων,
825 567 923 600 ἔπειτ’
951 569 997 606 εἰς
1026 569 1083 600 τὸν

32 631 56 650 ιο
71 620 172 652 αὐτὸν
192 620 346 653 ἐτίθεσαν
365 622 476 653 τόπον.
513 620 567 653 καὶ
588 620 675 653 τοῦτ’
699 621 834 653 ἐποίουν
854 621 990 662 ἑκάστης
1009 620 1084 662 ἡμέ-

71 685 138 714 ρας.
181 674 225 711 ὡς
249 673 278 705 δ’
304 673 521 715 ἀποχρώντως
544 675 581 706 τὸ
601 677 729 714 πλῆθος
754 673 859 706 ἐδόκει
880 676 994 715 βαλεῖν
1018 680 1084 705 τῶν

71 726 255 767 χρημάτων,
280 728 429 768 ἔπεμψαν
452 727 673 768 μισθούμενοι
696 729 859 768 λατόμους
882 727 936 759 καὶ
957 728 1084 759 οἰκοδό-

71 791 153 819 μους
177 780 194 811 ὀ
219 779 388 821 ἀρχιερεὺς
409 779 539 817 Ἰώδαος
562 779 616 811 καὶ
641 780 658 812 ὁ
683 782 837 820 βασιλεὺς
857 779 1002 821 Ἰώασος,
1030 779 1084 812 καὶ

72 831 123 863 ἐπὶ
149 833 228 870 ξύλα
252 833 376 874 μεγάλα
399 831 452 863 καὶ
478 837 534 873 τῆς
556 834 731 872 καλλίστης
752 832 840 872 ὕλης.
884 833 992 872 <165>
1017 831 1084 864 ε’πι-

0 886 1 893 ’
31 895 55 913 15
72 884 313 923 σκευασθέντος
337 883 372 916 δὲ
396 890 455 916 τοῦ
479 890 576 925 ναοῦ,
605 886 663 916 τὸν
687 884 934 926 ὑπολειφθέντα
959 887 1084 927 χρυσὸν

71 936 123 968 καὶ
147 938 295 979 ἄργυρον
323 937 398 980 (οὐκ
426 938 536 978 ὀλίγος
561 937 591 969 δ’
618 935 674 979 ἦν)
703 941 750 975 εἵς
778 949 811 969 τε
838 943 1002 980 κρατῆρας
1030 938 1083 970 καὶ

72 991 224 1030 οἰνοχόας
248 989 302 1021 καὶ
327 989 498 1031 ἐκπώματα
527 989 581 1021 καὶ
610 991 648 1022 τὰ
677 991 774 1022 λοιπὰ
803 992 901 1031 σκεύη
930 992 1084 1033 κατεχρή-

72 1052 186 1083 σαντο,
219 1044 354 1080 θυσίαις
387 1055 419 1074 τε
448 1042 662 1075 πολυτελέσιν
693 1042 851 1085 ὁσημέραι
884 1045 942 1075 τὸν
972 1045 1085 1085 βωμὸν

72 1097 259 1133 πιαίνοντες
283 1095 460 1127 διετέλουν.

32 1157 58 1177 20
138 1147 192 1179 καὶ
221 1153 321 1180 ταῦτα
350 1149 424 1190 με’ν,
453 1148 505 1190 ἐφ’
533 1149 612 1180 ὅσον
633 1148 764 1187 Ἰώδαος
787 1151 909 1191 χρόνον
933 1151 1000 1190 ἔζη,
1028 1154 1085 1190 τῆς

71 1202 299 1242 προσηκούσης
323 1201 479 1243 ἐτύγχανε
503 1203 663 1242 σπουδῆς·
691 1203 808 1243 <166>
833 1203 877 1240 ὡς
903 1201 933 1234 δ’
961 1202 1084 1234 ἐτελεύ-

72 1263 169 1294 τησεν
193 1251 289 1292 οὗτος
314 1256 367 1295 ἔτη
392 1253 452 1296 μὲν
470 1256 593 1296 βιώσας
613 1254 729 1287 ἑκατὸν
752 1254 806 1287 καὶ
826 1256 1012 1297 τριάκοντα,
1036 1256 1084 1287 δί-

72 1318 164 1344 καιος
192 1305 228 1338 δὲ
256 1306 309 1338 καὶ
337 1308 444 1339 πάντα
471 1310 610 1349 χρηστὸς
639 1310 829 1349 γενόμενος,
860 1308 962 1349 ἐτάφη
992 1307 1022 1340 δ’
1049 1308 1086 1340 ἐν

72 1366 142 1397 ταῖς
157 1362 341 1401 βασιλικαῖς
356 1362 475 1401 θήκαις
490 1360 526 1392 ἐν
541 1360 790 1402 Ἱεροσολύμοις,
808 1362 858 1393 ὅτι
874 1366 917 1404 τῷ
932 1362 1085 1393 Δαυίδου

33 1421 57 1440 2⁵
72 1411 160 1452 γένει
180 1413 240 1453 τὴν
259 1415 430 1453 βασιλείαν
450 1413 659 1454 ἀνεκτήσατο,
682 1415 876 1455 προύδωκεν
895 1414 911 1446 ὁ
931 1416 1086 1455 βασιλεὺς

67 1463 200 1503 Ἰώασος
219 1465 278 1505 τὴν
298 1465 486 1506 ἐπιμέλειαν
505 1465 564 1506 τὴν
583 1467 665 1508 πρὸς
679 1467 737 1498 τὸν
752 1467 843 1498 θεόν.
880 1467 988 1507 <167>
1007 1476 1085 1498 συν-

73 1518 304 1560 διεφθάρησαν
324 1518 353 1550 δ’
376 1519 464 1562 αὐτῷ
483 1518 537 1550 καὶ
557 1520 591 1550 oc
608 1523 667 1550 τοῦ
686 1521 838 1560 πλήθους
851 1520 1085 1561 πρωτεύοντες,

73 1571 155 1603 ὥστε
177 1574 380 1613 πλημμελεῖν
409 1573 455 1609 εἰς
483 1572 521 1603 τὰ
546 1572 656 1603 δίκαια
684 1571 738 1604 καὶ
762 1571 982 1613 νενομισμένα
1005 1571 1082 1614 παρ’

74 1623 186 1662 αὐτοῖς
218 1625 334 1666 ἄριστα
368 1621 461 1656 εἶναι.
509 1625 713 1666 δυσχεράνας
741 1624 770 1656 δ’
802 1625 819 1657 ὁ
850 1627 929 1663 θεὸς
962 1624 1014 1657 ἐπὶ
1047 1631 1085 1667 τῇ

145 1695 159 1725 ξ
172 1696 221 1720 163
234 1707 266 1716 =
278 1697 292 1720 Ξ
309 1694 399 1719 Para]⁴
416 1694 504 1720 XXIV
517 1697 544 1724 S;
561 1698 577 1720 4
592 1694 658 1727 Regr.
670 1694 720 1720 XII
732 1698 755 1721 9.
830 1698 844 1726 ξ
861 1698 911 1721 166
924 1708 955 1717 =
967 1699 982 1721 2
994 1695 1084 1721 Paral.

74 1737 162 1763 XXIV
180 1740 219 1764 17,
