1261 1917
167 40 231 70 314
532 42 802 66 ΛΡΧΑΙΟΛΟΓΙΑΣ

165 121 198 151 οἱ
220 118 255 151 δὲ
280 122 416 151 Λευῖται
440 127 651 161 περιεστῶτες
675 120 710 152 ἐν
733 122 842 165 κύκλῳ
866 123 945 162 μετὰ
969 127 1035 154 τῶν
1059 131 1174 163 μουσι-

164 178 231 204 κῶν
255 173 407 214 ὀργάνων
430 171 513 215 ᾗδον
535 173 661 214 ὕμνους
689 175 736 211 εἰς
764 175 822 206 τὸν
845 176 927 206 θεὸν
953 174 1005 206 καὶ
1031 176 1174 212 ἔψαλλον

165 225 209 262 ὡς
233 224 456 266 ἐδιδάχθησαν
479 227 542 258 ὑπὸ
563 228 724 267 Δαυίδου,
749 228 783 258 οἱ
805 225 841 258 δὲ
865 227 973 259 λοιποὶ
995 228 1092 269 ἱερεῖς
1116 230 1174 268 βυ-

163 278 265 315 κάνας
294 279 422 319 ἔχοντες
450 278 662 317 ἐπεσάλπιζον
689 285 758 317 τοῖς
781 280 1001 323 ὑμνῳδοῦσιν.
1047 281 1174 312 τούτων

164 329 201 362 δὲ
229 331 415 372 γενομένων
448 331 499 363 ἐπὶ
533 333 709 373 πρόσωπον
742 332 897 373 ῥίψαντες
930 332 1066 370 ἑαυτοὺς
1094 333 1111 364 ὅ
1139 345 1173 364 τε

164 386 317 425 βασιλεὺς
335 383 389 415 καὶ
409 385 445 416 τὸ
465 388 593 425 πλῆθος
611 386 840 426 προσεκύνουν
859 386 917 417 τὸν
936 387 1027 417 θεόν.
1066 386 1173 425 (270)

164 438 273 468 ἔπειτα
305 438 381 468 θύει
414 435 474 478 μὲν
507 439 587 478 βοῦς
620 436 861 478 ἑβδομήκοντα,
897 439 1010 479 κριοὺς
1048 437 1173 477 ἑκατόν,

163 490 265 530 ἄρνας
289 490 491 529 διακοσίους,
520 495 564 532 τῷ
588 491 708 530 πλήθει
733 489 768 521 δὲ
793 492 875 531 πρὸς
899 491 1039 531 εὐωχίαν
1067 490 1173 532 ἐχαρί-

163 550 241 573 σατο
266 544 345 583 βοῦς
369 541 429 583 μὲν
453 541 642 580 ἑξακοσίους
660 543 699 573 τὰ
719 541 755 574 δὲ
776 544 873 574 λοιπὰ
892 542 1065 583 θρέμματα
1084 551 1172 584 τρισ-

163 596 260 635 χίλια.
306 593 359 625 καὶ
387 594 492 626 πάντα
521 593 581 635 μὲν
610 595 643 626 οἱ
670 595 766 636 ιἐρεῖς
795 595 988 632 ἀκολούθως
1017 594 1173 635 ἐποίησαν

163 652 207 690 τῷ
222 649 321 690 νόμῳ,
341 648 469 685 τούτοις
485 646 514 678 δ’
533 647 549 679 ὁ
570 649 722 688 βασιλεὺς
741 647 902 688 ἡδόμενος
921 647 1073 688 εὐωχεῖτο
1094 648 1172 689 μετὰ

164 704 222 731 τοῦ
247 703 339 740 λαοῦ,
363 705 407 742 τῷ
430 703 498 742 θεῷ
522 700 619 741 χάριν
645 702 731 741 ἔχειν
755 701 934 741 ὁμολογῶν.
982 701 1099 741 (271)
1123 700 1173 732 ε’ν-

164 753 283 792 στάσης
307 751 342 783 δὲ
362 757 419 793 τῆς
442 758 508 783 τῶν
532 753 662 793 ἀζύμων
686 752 800 794 ἑορτῆς
819 754 983 790 θύσαντες
1002 753 1061 793 τὴν
1081 756 1173 793 λεγο·

164 804 266 846 μένην
289 805 410 846 πάσχα,
438 806 495 842 τὰς
519 806 618 842 ἄλλας
646 807 681 837 τὸ
706 807 823 837 λοιπὸν
851 807 974 843 θυσίας
998 805 1173 837 ἐπετέλουν

164 856 215 898 ἐφ’
238 857 359 898 ’ἡμέρας
384 857 470 889 ἑπτά.
517 863 560 900 τῷ
586 856 621 889 δὲ
640 859 771 898 πλήθει,
796 858 895 899 πάρεξ
922 856 968 890 ὧν
989 858 1173 900 ἐκαλλιέρη-

164 919 226 941 σαν
249 910 353 951 αὐτοί,
377 911 519 951 ταύρους
543 909 603 951 μὲν
627 911 809 951 δισχιλίους
832 910 1005 952 θρέμματα
1027 910 1057 942 δ’
1080 910 1174 942 ἑπτα-

163 965 305 1004 κισχίλια
325 963 342 994 ὁ
362 965 516 1004 βασιλεὺς
535 963 715 1004 ἐχαρίσατο.
757 964 794 994 τὸ
819 962 848 994 δ’
872 963 951 995 αὐτὸ
973 963 1026 994 καὶ
1051 964 1084 995 οἱ
1101 963 1174 1003 ἡγε-

164 1018 260 1057 μόνες
276 1016 444 1056 ἐποίησαν·
465 1018 591 1057 χιλίους
606 1014 665 1056 μὲν
681 1017 742 1057 γὰρ
757 1016 899 1057 ταύρους
918 1017 1037 1047 ἔδοσαν
1052 1016 1174 1056 αὐτοῖς,

164 1068 336 1110 θρέμματα
352 1067 386 1099 δὲ
402 1070 489 1109 χίλια
508 1067 561 1099 καὶ
581 1068 828 1109 τετταράκοντα.
866 1069 973 1109 (272)
987 1067 1041 1099 καὶ
1056 1073 1174 1100 τοῦτον

164 1122 222 1153 τὸν
246 1123 368 1162 τρόπον
392 1121 454 1152 ἀπὸ
475 1123 675 1162 Σολομῶνος
698 1125 757 1152 τοῦ
778 1120 937 1161 βασιλέως
956 1120 1015 1152 οὐκ
1035 1121 1174 1162 ἀχθεῖσα

164 1174 183 1214 ἡ
213 1173 307 1215 ἑορτὴ
336 1176 406 1205 τότε
435 1179 566 1214 πρῶτον
594 1177 750 1214 λαμπρῶς
778 1172 831 1204 καὶ
861 1175 1041 1214 φιλοτίμως
1069 1173 1174 1205 ἐπετε-

164 1225 277 1266 λέσθη.
319 1226 363 1263 ὡς
386 1225 421 1257 δὲ
446 1227 484 1257 τὰ
507 1225 581 1266 περὶ
605 1226 665 1266 τὴν
689 1225 805 1267 ἑορτὴν
826 1226 937 1263 αὐτοῖς
956 1225 1056 1266 πέρας
1078 1224 1175 1267 εἶχεν,

165 1279 353 1316 ἐξελθόντες
381 1280 428 1316 εἰς
451 1279 510 1319 τὴν
534 1280 644 1320 χώραν
667 1279 807 1319 ἥγνισαν
833 1279 948 1319 αὐτήν·
978 1279 1095 1319 (273)
1119 1278 1173 1310 καὶ

165 1332 224 1371 τὴν
254 1333 352 1362 πόλιν
385 1330 419 1362 δὲ
453 1332 574 1368 παντὸς
607 1331 774 1372 ἐκάθηραν
807 1331 986 1372 μιάσματος
1019 1332 1174 1371 εἰδώλων,

165 1385 221 1421 τάς
245 1396 277 1415 τε
302 1384 525 1424 καθημερινὰς
552 1384 674 1420 θυσίας
703 1384 719 1414 ὁ
744 1384 897 1424 βασιλεὺς
926 1383 959 1414 ἐκ
988 1389 1053 1414 τῶν
1079 1384 1175 1415 ι’δίων

167 1437 387 1468 ἐπιτελεῖσθαι
413 1436 537 1473 διέταξε
561 1437 641 1467 κατὰ
666 1437 723 1467 τὸν
746 1438 859 1477 νόμον,
883 1435 937 1467 καὶ
961 1442 1029 1473 τοῖς
1053 1436 1175 1476 ἱερεῦσι

168 1489 221 1521 καὶ
251 1492 405 1526 Λευίταις
438 1490 494 1526 τὰς
527 1489 662 1525 δεκάτας
692 1489 789 1529 ὥρισε
822 1489 908 1529 παρὰ
939 1492 998 1519 τοῦ
1025 1489 1176 1528 πλήθους

169 1542 324 1573 δίδοσθαι
357 1540 410 1572 καὶ
444 1542 501 1577 τὰς
533 1541 679 1581 ἀπαρχὰς
711 1547 777 1571 τῶν
805 1546 949 1581 καρπῶν,
983 1539 1026 1571 ἵν’
1056 1539 1106 1572 ἀεὶ
1137 1546 1175 1582 τῇ

167 1596 327 1635 θρησκείᾳ
350 1592 561 1634 παραμένωσι
590 1592 643 1624 καὶ
672 1597 729 1633 τῆς
752 1594 930 1633 θεραπείας
953 1591 1034 1624 ὦσιν
1058 1593 1175 1635 ἀχώρι-

168 1655 237 1678 στοι
262 1651 321 1677 τοῦ
345 1649 436 1677 θεοῦ.
479 1646 586 1685 (274)
606 1644 659 1676 καὶ
679 1646 715 1676 τὸ
735 1643 795 1686 μὲν
814 1648 942 1686 πλῆθος
962 1645 1174 1688 συνεισέφερε

239 1710 253 1738 ξ
269 1710 320 1732 270
341 1719 373 1727 z
393 1709 407 1731 2
423 1705 513 1731 Paral.
529 1705 604 1731 XXX
619 1708 660 1733 32.

1188 605 1213 624 10

1189 868 1212 887 15

1189 1117 1215 1149 2'0

1190 1393 1215 1412 25

1189 1655 1215 1674 :30
