1261 1917
189 92 253 123 100
551 92 822 117 APXAIOAOFIAZ

148 181 163 203 2
250 172 336 212 <78>
360 172 513 203 τοιούτου
534 170 563 202 δ’
586 171 770 212 ἀποβάντος
793 170 844 202 καὶ
870 172 990 211 ταύτης
1012 176 1069 212 τῆς
1093 172 1195 212 μάχης

184 230 243 257 τοῦ
267 224 391 265 τέλους,
416 224 506 262 ἔδοξε
525 225 669 265 Δαυίδῃ,
693 223 1012 268 συμβουλευσαμένῳ
1032 225 1111 265 μετὰ
1129 230 1196 256 τῶν

184 280 351 320 γερόντων
369 277 423 309 καὶ
447 277 619 318 ἡγεμόνων
639 275 692 308 καὶ
711 277 899 318 χιλιάρχων,
924 276 1195 318 μεταπέμψασθαι

184 337 251 362 τῶν
276 331 454 372 ὁμοφύλων
479 330 511 367 ἐξ
537 329 662 369 ἁπάσης
685 334 742 370 τῆς
766 330 872 370 χώρας
895 330 976 371 πρὸς
1000 330 1101 361 αὑτὸν
1120 330 1197 366 τοὺς

187 383 222 415 ἐν
246 383 330 424 ἀκμῇ
360 388 416 424 τῆς
444 383 587 423 ἡλικίας,
618 384 725 413 ἔπειτα
754 383 831 419 τοὺς
859 382 956 424 ἱερεῖς
978 381 1032 413 καὶ
1057 383 1223 418 Λευίτας5

186 435 412 477 πορευθέντας
446 436 493 472 εἰς
521 435 772 477 Καριαθιάριμα
803 436 1013 476 μετακομίσαι
1046 435 1107 475 τὴν
1138 439 1198 466 τοῦ

185 492 269 520 θεοῦ
289 489 431 529 κιβωτὸν
451 488 483 526 ἐξ
504 488 605 528 αὐτῆς
625 489 671 525 εἰς
688 487 908 529 Ἱεροσόλυμα,
927 486 980 519 καὶ
1000 487 1198 529 θρησκεύειν

187 540 222 572 ἐν
247 541 327 582 αὐτῇ
352 542 469 572 λοιπὸν
490 542 623 581 ἔχοντας
647 540 750 580 αὐτὴν
769 542 904 578 θυσίαις
922 539 976 571 καὶ
995 545 1066 577 ταῖς
1085 541 1199 577 ἄλλαις

186 599 295 634 τιμαῖς
319 589 371 630 αἷς
394 595 498 634 χαίρει
523 594 560 624 τὸ
579 596 684 624 θεῖον.
731 593 817 633 <79>
837 594 867 624 εἰ
889 594 951 633 γὰρ
972 591 1022 624 ἐπὶ
1043 593 1199 624 Σαούλου

187 646 423 686 βασιλεύοντος
459 644 547 676 τοῦτ’
584 645 741 687 ἔπραξαν,
778 646 838 677 οὐκ
878 645 919 676 ἂν
952 646 1064 677 δεινὸν
1101 643 1201 676 οὐδὲν
1216 654 1240 674 10

188 700 324 730 ἔπαθον.
381 699 604 735 συνελθόντος
637 696 698 729 οὖν
730 703 789 730 τοῦ
822 702 903 730 λαοῦ
936 699 1058 735 παντὸς
1089 699 1201 735 καθὼς

189 750 441 792 ἐβουλεύσαντο,
460 752 675 791 παραγίνεται
696 751 712 782 6
733 752 886 791 βασιλεὺς
901 749 953 782 ἐπὶ
972 751 1032 790 τὴν
1046 751 1200 791 κιβωτόν·

188 803 229 843 ἣν
258 804 479 843 βαστάσαντες
508 803 542 834 ἐκ
572 808 629 844 τῆς
651 802 871 844 Ἀμιναδάβου
900 804 1005 840 οἰκίας
1034 803 1067 834 οἱ
1094 803 1201 845 ἱερεῖς,

188 855 241 887 καὶ
268 855 438 893 ἐπιθέντες
462 854 514 896 ἐφ’
543 856 668 896 ἅμαξαν
695 857 828 896 καινήν,
857 855 965 887 ἕλκειν
988 856 1145 896 ἀδελφοῖς
1167 866 1202 886 τε

188 908 242 939 καὶ
274 907 389 940 παισὶν
418 907 599 949 ἐπέτρεψαν
623 909 701 948 μετὰ
730 914 796 939 τῶν
824 910 922 949 βοῶν.
969 909 1055 949 <8Ο>
1078 912 1201 949 προῆγε
1217 917 1241 937 15

186 960 219 992 Ἰδ’
241 961 257 992 ὁ
278 962 432 1001 βασιλεὺς
450 960 503 991 καὶ
523 966 588 992 πᾶν
609 962 670 992 σὺν
690 960 778 1003 αὐτῷ
801 961 838 992 τὸ
857 963 996 1001 πλῆθος,
1020 961 1202 1001 ὑμνοῦντες

189 1015 248 1044 τὸν
281 1014 364 1044 θεὸν
394 1012 447 1044 καὶ
479 1013 614 1055 ᾄδοντες
647 1018 712 1044 πᾶν
746 1011 833 1050 εἶδος
866 1012 985 1054 μέλους
1016 1013 1201 1054 ἐπιχώριον,

190 1066 252 1097 σύν
280 1065 308 1097 τ’
335 1066 402 1109 ἤχῳ
431 1068 568 1109 ποικίλῳ
592 1066 786 1107 κρουμάτων
814 1077 848 1097 τε
876 1065 929 1097 καὶ
958 1066 1124 1107 ὀρχήσεων
1147 1064 1201 1097 καὶ

190 1121 344 1159 ψαλμῶν,
378 1120 424 1149 ἔτι
458 1117 493 1149 δὲ
527 1117 580 1149 καὶ
615 1119 794 1158 σάλπιγγος
821 1116 875 1149 καὶ
903 1118 1095 1159 κυμβάλων,
1128 1130 1203 1159 κατ-ι

191 1171 327 1211 ἄγοντες
346 1171 406 1210 τὴν
425 1172 566 1211 κιβωτὸν
588 1172 634 1208 εἰς
650 1170 868 1212 Ἱεροσόλυμα.
906 1172 990 1211 <81>
1011 1171 1055 1208 ὡς
1075 1170 1104 1202 δ’
1127 1171 1201 1212 ἄχρι
1217 1179 1239 1199 2c

191 1228 247 1264 τῆς
272 1224 438 1261 Χειδῶνος
467 1224 606 1261 ἅλωνος,
638 1225 739 1255 τόπου
763 1225 853 1260 τινὸς
877 1224 961 1255 οὕτω
986 1222 1202 1264 καλουμένου,

191 1279 379 1317 προῆλθον,
413 1280 546 1318 τελευτᾷ
573 1276 659 1314 Ὀζᾶς
686 1276 757 1307 κατ’
789 1277 891 1317 ὀργὴν
919 1281 978 1308 τοῦ
1006 1280 1102 1307 θεοῦ·
1136 1281 1202 1307 τῶν

193 1331 281 1369 βοῶν
301 1330 362 1370 γὰρ
384 1329 626 1360 ἐπινευσάντων
642 1329 829 1360 ἐκτείναντα
848 1330 908 1370 τὴν
923 1335 1015 1371 χεῖρα
1033 1328 1087 1360 καὶ
1107 1341 1202 1360 κατα-

193 1387 284 1422 σχεῖν
308 1382 368 1421 τὴν
386 1383 528 1422 κιβωτὸν
547 1383 745 1422 θελήσαντα,
770 1382 818 1413 ὅτι
843 1382 885 1422 μὴ
906 1382 952 1413 ὢν
973 1382 1078 1423 ἱερεὺς
1096 1381 1202 1422 ἥψατο

193 1435 323 1475 ταύτης,
347 1434 531 1465 ἀποθανεῖν
556 1434 695 1475 ἐποίησε.
741 1435 827 1475 <82>
850 1433 903 1465 καὶ
929 1434 945 1465 ὁ
970 1433 1030 1475 μὲν
1050 1435 1203 1475 βασιλεὺς
1217 1443 1236 1462 22

192 1486 245 1518 καὶ
271 1487 287 1518 ὁ
313 1488 390 1524 λαὸς
419 1487 651 1529 ἐδυσφόρησαν
680 1486 731 1519 ἐπὶ
760 1492 804 1530 τῷ
834 1487 967 1530 θανάτῳ
992 1491 1051 1518 τοῦ
1073 1485 1156 1526 Ὀζᾶ,
1186 1486 1202 1517 ὁ

194 1538 230 1570 δὲ
253 1541 352 1576 τόπος
376 1540 411 1571 ἐν
435 1538 460 1583 ᾧ
485 1540 706 1580 ἐτελεύτησεν,
736 1541 782 1571 ἔτι
806 1545 869 1571 νῦν
891 1538 959 1577 Ὀζᾶ
985 1539 1124 1579 διακοπὴ
1148 1551 1203 1570 κα-

193 1595 305 1623 λεῖται.
344 1593 455 1629 δείσας
474 1592 504 1623 δ’
527 1593 544 1624 6
564 1594 713 1632 Δαυίδης
736 1591 789 1623 καὶ
809 1592 1024 1632 λογισάμενος
1043 1592 1085 1632 μὴ
1105 1592 1203 1623 ταύτὸ

194 1645 286 1685 πάθῃ
314 1649 358 1687 τῷ
380 1644 448 1686 Ὀζᾷ
478 1646 652 1686 δεξάμενος
679 1646 739 1685 τὴν
767 1646 907 1686 κιβωτὸν
935 1643 1010 1685 παρ’
1038 1645 1139 1676 αὑτὸν
1168 1644 1204 1675 ἐν
1235 1632 1239 1674 f

195 1702 232 1738 τῇ
256 1699 360 1735 πόλει,
385 1697 522 1735 ἐκείνου,
547 1699 631 1729 διότι
651 1699 754 1739 μόνον
774 1697 910 1735 ἐξέτεινε
933 1698 993 1737 τὴν
1012 1703 1103 1738 χεῖρα
1123 1698 1204 1738 πρὸς
1218 1706 1233 1725 3·

266 1761 280 1789 g
297 1760 329 1783 τε
350 1771 382 1780 =
403 1762 414 1784 1
432 1758 520 1784 Pax-al.
542 1758 647 1789 X1H1;
668 1761 683 1784 2
699 1758 766 1791 Reg.
787 1757 824 1783 VI
841 1761 863 1784 1.
