1261 1917
57 330 70 350 5

45 594 70 614 10

44 859 79 884 15⁷

43 1124 70 1143 20

42 1388 68 1408 2⁵

42 1652 69 1672 80

521 26 665 50 AEKATH
1035 24 1098 57 331

85 105 128 146 μὴ
153 106 374 147 παραβάντων
398 107 475 142 τοὺς
500 105 663 142 Μωυσέος
690 107 813 146 νόμους
837 111 903 137 τῶν
926 107 1102 147 προγόνων

85 157 179 190 αὐτοὶ
194 160 456 190 κινδυνεύσωσιν
467 158 643 190 ἀνάστατοι
659 158 827 198 γενέσθαι,
842 158 895 190 καὶ
907 164 964 199 τῆς
979 160 1102 197 οἰκείας

85 211 277 249 ἐκπεσόντες
301 211 350 244 ἐπ’
377 212 551 252 ἀλλοτρίας
575 213 689 252 ε”ρημοι
717 212 851 243 πάντων
874 212 1101 253 καταστρέψω-

85 272 140 296 σιν
164 266 301 305 οἰκτρῶς
325 266 383 296 τὸν
407 266 490 305 βίον.
537 265 622 304 <60>
646 263 814 295 ἀκούσασα
838 263 867 295 δ’
894 264 913 305 ἡ
937 270 1102 306 προφῆτις

85 319 172 358 παρὰ
196 324 263 350 τῶν
281 317 503 359 πεμφθέντων
523 322 625 349 ταῦτα
645 316 688 348 δι’
711 317 822 349 αὐτῶν
844 315 891 349 ὧν
911 317 1101 349 ἀπέστειλεν

85 370 102 401 ὁ
133 371 302 411 βασιλεύς,
336 369 507 402 ἐκέλευσεν
540 370 661 407 αὐτοὺς
691 370 899 408 ἀπελθόντας
931 372 1013 412 πρὸς
1043 372 1101 402 τὸν

84 423 221 464 βασιλέα
249 422 358 463 λέγειν
383 424 432 455 ὅτι
456 424 492 455 τὸ
518 422 578 464 μὲν
601 426 698 455 θεῖον
722 424 784 464 ἤδη
808 422 878 455 κατ’
906 424 1016 455 αὐτῶν
1040 428 1101 464 ψῆ-

84 487 152 516 φον
175 477 323 516 ἤνεγκεν,
348 477 389 517 ’ἢν
413 477 471 517 οὐχ
493 477 629 514 ι’κεσιάις
648 477 689 508 ἄν
708 489 757 514 τις
779 477 904 517 ἄκυρον
922 477 1101 516 ποιήσειεν,

85 528 241 560 ἀπολέσαι
267 531 325 561 τὸν
345 531 426 561 λαὸν
445 529 498 561 καὶ
519 535 576 570 τῆς
595 531 702 571 χώρας
721 529 873 570 ἐκβαλεῖν
894 528 947 561 καὶ
967 529 1101 561 πάντων

84 581 268 623 ἀφελέσθαι
301 589 368 614 τῶν
400 588 464 614 νῦν
496 584 670 624 παρόντων
704 582 857 623 ἀγαθῶν,
889 583 1101 623 παραβάντας

84 637 162 673 τοὺς
189 637 313 677 ’νόμους
343 635 398 667 καὶ
428 636 573 679 τοσούτῳ
602 636 721 677 μεταξὺ
751 637 860 679 χρόνῳ
891 636 934 676 μὴ
966 647 1101 676 μετανο-

83 689 241 728 ήσαντας,
270 694 337 720 τῶν
365 701 401 729 γε
429 695 610 730 προφητῶν
639 693 735 720 τοῦτο
760 689 1015 730 παραινούντων
1039 697 1101 719 σω-

84 747 224 783 φρονεῖν
256 741 309 773 mxl
344 743 404 782 τὴν
438 741 489 774 ἐπὶ
521 748 590 779 τοῖς
620 742 800 783 ἀσεβήμασι
831 743 993 782 τιμωρίαν
1022 752 1102 782 προ-

85 796 264 835 λεγόντων,
293 796 378 835 (61)
403 795 460 835 ἢν,
488 796 543 826 ἵνα
567 798 753 826 πεισθῶσιν
777 795 826 826 ὅτι
851 796 931 832 θεὸς
955 795 1022 825 ἔστι
1047 793 1100 825 καὶ

84 846 184 879 οὐδὲν
209 847 365 885 ἐψεύδετο
390 849 516 879 τούτων
540 846 587 879 ὧν
615 848 727 885 αὐτοῖς
751 849 806 879 διὰ
830 853 896 879 τῶν
919 853 1101 888 προφητῶν

83 902 285 941 κατήγγειλε,
309 902 440 939 πάντως
463 901 576 938 αὐτοῖς
600 901 757 932 ἐποίσειν·
788 899 831 931 (δι’
857 901 959 932 αὐτὸν
988 900 1100 942 μέντοι

84 954 214 985 δίκαιον
238 956 418 995 γενόμενον
443 953 572 995 ἐφέξειν
596 955 642 985 ἔτι
667 955 724 991 τὰς
748 954 937 995 συμφοράς,
961 955 1040 995 μετὰ
1065 952 1100 985 ὁὲ

82 1007 144 1047 τὴν
163 1006 291 1038 ἐκείνου
311 1008 466 1048 τελευτὴν
485 1008 523 1038 τι).
543 1006 813 1048 κατεψηφισμένα
832 1008 1012 1048 παθήματα
1031 1013 1101 1044 τοῖς

84 1061 194 1101 ὄχλοις
219 1059 422 1101 ἐπιπέμψειν.

150 1114 237 1153 (62)
261 1115 296 1145 οἳ
316 1111 376 1154 μὲν
405 1111 466 1145 οὖν
490 1118 548 1154 τῆς
571 1115 727 1153 γυναικὸς
752 1112 1026 1154 προφητευσάσης
1050 1112 1100 1144 ε’λ-

83 1168 202 1203 θόντες
226 1166 429 1207 ἀπήγγειλαν
452 1171 496 1209 τῷ
520 1168 664 1207 βασιλεῖ·
689 1167 706 1198 ὃ
732 1165 768 1198 δὲ
791 1165 997 1207 περιπέμψας
1019 1176 1101 1197 παν-

83 1223 186 1259 ταχοῦ
210 1219 268 1250 τὸν
292 1221 373 1251 λαὸν
398 1219 546 1251 ἐκέλευσε
567 1222 745 1251 συνελθεῖν
765 1220 811 1256 εἰς
834 1220 873 1250 τὰ
889 1218 1100 1260 Ἱεροσόλυμα

82 1273 161 1309 τούς
184 1270 220 1302 θ’
244 1272 342 1312 ἶερεῑς
365 1271 419 1303 καὶ
443 1274 520 1310 τοὺς
541 1274 692 1311 Λευίτας,
716 1277 825 1303 πᾶσαν
844 1271 976 1312 ἡλικίαν
999 1280 1101 1312 προσ-

83 1324 180 1363 τάξας
199 1330 362 1365 παρεῖναι.
404 1325 490 1365 (63)
512 1325 766 1366 ἀθροισθέντων
786 1323 816 1356 δ’
839 1324 949 1356 αὐτῶν
968 1330 1101 1365 πρῶτον

83 1376 144 1419 μὲν
168 1377 281 1415 αὐτοῖς
305 1376 433 1418 ἀνέγνω
457 1378 514 1415 τὰς
538 1378 627 1418 [ερας
647 1379 794 1418 βίβλους,
819 1379 929 1408 ἔπειτα
951 1378 1029 1414 στὰς
1048 1376 1100 1409 ε’πὶ

83 1435 142 1462 τοῦ
175 1432 320 1471 βήματος
349 1430 384 1461 ἐν
408 1430 495 1473 μέσῳ
524 1435 568 1472 τῷ
596 1431 718 1470 πλήθει
747 1430 867 1471 ὅρκους
895 1430 1100 1470 ποιήσασθαι

83 1483 137 1516 καὶ
165 1486 291 1521 πίστεις
319 1483 519 1523 ἠνάγκασεν,
548 1481 567 1523 ἦ
592 1483 657 1524 μὴν
684 1483 906 1524 θρησκεύσειν
934 1484 992 1514 τὸν
1018 1484 1101 1515 θεὸν

82 1536 137 1568 καὶ
162 1537 322 1577 φυλάξειν
345 1538 423 1573 τοὺς
443 1535 606 1573 [Μωυσέος
630 1537 762 1577 νόμους.
801 1537 887 1576 (64)
911 1537 946 1567 οἳ
967 1534 1002 1567 δὲ
1021 1547 1101 1577 προ-

83 1591 200 1631 θύμως
223 1588 250 1621 τ’
279 1588 441 1631 ἐπῄνεσαν
465 1588 518 1621 καὶ
543 1590 582 1620 τὰ
605 1588 850 1630 παραινεθέντα
874 1589 938 1620 ὑπὸ
960 1593 1020 1620 τοῦ
1043 1591 1101 1630 βα-

85 1642 200 1680 σιλέως
223 1643 374 1682 ποιήσειν
394 1641 592 1683 ὑπέστησαν,
616 1642 758 1680 θύοντές
776 1654 810 1673 τε
830 1647 1026 1683 παραχρῆμα
1046 1641 1100 1673 καὶ

156 1706 170 1735 ἓ
186 1705 219 1730 60
238 1715 270 1724 =
286 1706 301 1729 4
316 1703 384 1736 Reg.
400 1702 476 1728 XXII
494 1706 538 1734 15;
558 1705 573 1729 2
589 1702 681 1728 Paral.
696 1702 811 1728 XXXIV
827 1706 869 1728 23.

1120 1121 1136 1144 3
