1261 1917
178 50 243 81 244
540 51 811 76 ΑΡΧΑΙΟΛΟΓΙΑΣ

176 143 242 162 των
263 128 346 162 εἶναι
366 136 432 162 τῶν
450 130 610 172 πατέρων,
629 129 673 162 ἵν’
696 130 831 162 ἐκείνων
849 131 1067 162 ἀπολωλότων
1084 131 1183 168 αὐτὸς

177 185 233 224 ζῆν
261 182 423 225 γλίχηται)
452 185 672 225 κατεκοιμήθη
697 185 778 225 πρός
801 196 866 215 τινι
891 183 1026 227 δένδρῳ.
1074 184 1181 224 <349>

177 237 397 278 διεγείραντος
431 235 460 267 δ’
492 236 593 268 αὐτόν
623 248 713 274 τινος
741 236 882 273 ἀναστὰς
910 236 1051 277 εὑρίσκει
1080 247 1182 277 παρα-

174 289 327 330 κειμένην
360 290 447 332 αὑτῷ
476 290 612 331 τροφήν.
655 290 771 330 φαγὼν
800 287 835 320 δὲ
863 288 916 320 καὶ
945 288 1183 329 συλλεξάμενος

175 342 209 373 ἐκ
237 347 295 383 τῆς
322 347 447 384 τροφῆς
475 342 600 382 ἐκείνης
627 342 687 382 τὴν
715 343 872 383 δύναμιν,
901 343 947 379 εἰς
975 343 1011 373 τὸ
1041 344 1208 373 Σιναῖον5

173 396 378 436 καλούμενον
397 397 474 435 ὅρος
492 397 716 436 παραγίνεται,
740 392 779 426 οὗ
799 397 947 436 Μωυσῆς
966 396 1042 431 τοὺς
1061 396 1183 435 νόμους

173 449 261 489 παρὰ
294 453 353 479 τοῦ
381 452 463 479 θεοῦ
493 447 620 488 λέγεται
649 450 772 489 λαβεῖν.
819 448 926 488 <350>
956 448 1062 488 εὑρὼν
1091 446 1120 478 δ’
1148 447 1183 478 ἐν

174 501 261 543 αὐτῷ
290 502 450 540 σπήλαιόν
479 513 508 531 τι
539 504 652 532 κοῖλον
676 504 805 540 εἴσεισι,
833 500 885 531 καὶ
911 499 1046 531 διετέλει
1070 501 1183 531 ποιού-

173 566 270 594 μενος
298 553 334 584 ἐν
362 553 449 595 αὐτῷ
478 553 537 593 τὴν
565 554 678 594 μονήν.
726 553 881 594 ἐρομένης
909 552 947 584 δέ
969 564 1058 589 τινος
1082 553 1183 584 αὐτὸν

173 611 287 646 φωνῆς
316 605 347 643 ἐξ
376 605 501 646 ἀδήλου
529 607 563 636 τί
588 608 704 647 παρείη
733 606 973 642 καταλελοιπὼς
1001 605 1060 645 τὴν
1085 606 1183 636 πόλιν
1198 616 1223 634 10

173 658 286 699 ἐκεῖσε,
312 659 366 689 διὰ
390 660 426 690 τὸ
450 664 573 690 κτεῖναι
599 657 658 699 μὲν
678 660 754 696 τοὺς
773 659 943 699 προφήτας
962 663 1028 689 τῶν
1047 658 1184 695 ξενικῶν

172 715 274 751 θεῶν,
298 717 406 742 πεῖσαι
431 710 467 742 δὲ
491 713 548 743 τὸν
572 713 653 743 λαὸν
678 712 726 743 ὅτι
750 713 850 752 μόνος
875 714 924 751 εἴη
944 712 1022 748 θεὸς
1042 711 1058 742 ὁ
1079 710 1126 742 ὢν
1145 710 1183 742 ὃν

174 764 205 802 ἐξ
226 764 327 806 ἀρχῆς
347 763 584 805 ἐθρήσκευσαν,
604 765 716 805 ἔφησε·
739 766 904 804 ζητεῖσθαι
925 764 986 805 γὰρ
1007 762 1057 795 ἐπὶ
1078 764 1181 806 τούτῳ

173 819 255 859 πρὸς
278 819 438 858 τιμωρίαν
458 817 520 848 ὑπὸ
541 822 598 858 τῆς
616 818 772 857 γυναικὸς
792 821 850 848 τοῦ
871 816 1038 858 βασιλέως.
1075 816 1182 856 <351>

173 870 273 901 πάλιν
302 869 331 901 δ’
359 869 500 906 ἀκούσας
527 872 706 911 προελθεῖν
730 871 777 906 είς
800 870 836 900 τὸ
865 869 1033 910 ὕπαιθρον
1062 873 1099 910 τῇ
1129 868 1182 900 ε’π-
1198 879 1222 898 15

174 924 269 964 ιούσῃ
293 922 494 964 (γνώσεσθαι
519 923 580 963 γαρ
606 922 691 953 οὕτω
720 924 752 953 τί
779 923 831 953 δεῖ
852 922 985 962 ποιεῖν),
1013 924 1183 962 προῆλθεν

174 975 209 1007 ἐκ
232 980 290 1006 τοῦ
315 977 476 1015 σπηλαίου
498 974 572 1015 μεθ’
595 974 729 1015 ἡμέραν,
753 973 806 1005 καὶ
827 978 962 1014 σεισμοῦ
982 973 1009 1004 τ’
1032 973 1182 1005 ἐπακούει

174 1027 228 1059 καὶ
252 1029 404 1069 λαμπρὰν
427 1029 530 1069 πυρὸς
554 1027 660 1067 αὐγὴν
684 1027 753 1069 ὁρᾷ.
797 1027 904 1067 <352>
928 1025 981 1057 καὶ
1006 1025 1182 1067 γενομένης

174 1081 310 1122 ἡσυχίας
343 1081 437 1121 φωνὴ
470 1082 547 1111 θειά
580 1081 622 1121 μὴ
655 1080 872 1120 ταράττεσθαι
901 1085 970 1116 τοῖς
998 1078 1184 1119 γινομένοις

175 1134 276 1165 αὐτὸν
304 1134 555 1174 παρακελεύεται
586 1134 774 1173 (κρατήσειν
802 1133 863 1173 γὰρ
893 1130 1014 1163 οὐδένα
1040 1137 1106 1162 τῶν
1135 1131 1184 1172 ε’χ-
1197 1127 1224 1160 '20

175 1191 270 1228 θρῶν
294 1186 421 1228 αὐτοῦ),
449 1185 628 1227 προσέταξέ
649 1184 684 1216 θ’
711 1184 961 1226 ὑποστρέψαντα
986 1185 1032 1222 εἰς
1055 1185 1114 1224 τὴν
1138 1186 1184 1215 οἰ-

175 1241 267 1270 κείαν
296 1239 464 1276 ἀποδεῖξαι
493 1243 552 1270 τοῦ
578 1239 728 1278 πλήθους
752 1237 887 1278 βασιλέα
908 1236 1014 1277 Ἰηοῦν
1038 1237 1096 1268 τὸν
1121 1238 1184 1268 Νε-

176 1294 333 1334 μεσσαίου
353 1292 464 1329 παῖδα,
489 1291 522 1322 ἐκ
542 1293 721 1331 Δαμασκοῦ
742 1288 775 1321 δὲ
797 1296 862 1321 τῶν
882 1290 1004 1330 Σύρων
1021 1288 1184 1329 Ἀζάηλον,

176 1344 246 1376 ἀντ’
274 1345 376 1376 αὐτοῦ
404 1343 438 1375 δὲ
467 1345 641 1384 προφήτην
665 1342 849 1374 Ἐλισσαῖον
878 1342 931 1374 ὑπ’
961 1342 1063 1373 αὐτοῦ
1091 1343 1184 1382 γενή-

177 1401 295 1430 σεσθαι
324 1397 358 1428 ἐκ
381 1399 505 1434 πόλεως
526 1395 669 1437 Ἀβελᾶς·
704 1397 881 1436 διαφθερεῖ
904 1394 938 1426 δὲ
964 1400 1022 1426 τοῦ
1046 1395 1184 1435 ἀσεβοῦς
1199 1404 1223 1423 25

177 1453 277 1492 ὄχλου
305 1452 382 1488 τοὺς
407 1449 467 1491 μὲν
488 1449 638 1489 Ἀζάηλος
661 1450 738 1485 τοὺς
762 1446 796 1479 δὲ
819 1447 929 1488 Ἰηοῦς.
977 1448 1083 1487 <353>
1109 1447 1125 1479 ὁ
1151 1446 1180 1478 δ’

175 1503 288 1541 Ἠλίας
320 1503 518 1544 ὑποστρέφει
551 1501 645 1533 ταῦτ7
682 1501 823 1538 ἀκούσας
856 1502 902 1537 είς
934 1501 994 1540 τὴν
1023 1499 1183 1541 Ἑβραίων

177 1558 297 1598 χώραν,
320 1555 373 1587 καὶ
398 1557 456 1587 τὸν
477 1555 638 1595 Σαφάτου
661 1554 763 1585 παῖδα
784 1552 968 1584 Ἐλισσαῖον
991 1553 1183 1593 καταλαβὼν
1244 1554 1247 1603 y

178 1610 321 1650 ἀροῦντα
340 1608 393 1639 καὶ
413 1607 479 1649 μετ’
501 1608 602 1638 αὐτοῦ
622 1607 713 1644 τινας
732 1607 851 1642 ἄλλους
871 1605 1068 1642 ἐλαύνοντας
1089 1606 1182 1645 ζεύγη

178 1662 318 1701 δώδεκα,
342 1661 538 1701 προσελθὼν
563 1659 736 1701 ἐπέρριψεν
760 1658 848 1701 αὐτῷ
872 1659 907 1689 τὸ
933 1659 1020 1689 ἴδιον
1045 1657 1221 1698 [flahtom-⁹⁵0

248 1725 262 1754 ξ
277 1724 327 1747 349
349 1734 380 1742 z
401 1724 415 1746 3
431 1720 499 1753 Reg.
519 1719 582 1745 XIX
598 1722 621 1745 5.
