1261 1917
534 39 679 64 AEKATH
1048 38 1112 70 327

99 118 376 160 ἐξαμαρτάνοντες
391 119 572 159 ἀπώλοντο,
591 124 705 160 μιᾶναι
725 117 761 151 δὲ
780 118 833 150 καὶ
850 121 908 151 τὸν
922 121 1005 151 ’ναὸν
1025 119 1114 152 ἐτόλ-

99 180 180 212 μησε
204 177 263 203 τοῦ
287 176 371 204 θεοῦ
394 171 447 204 καὶ
472 173 532 213 τὴν
555 173 654 204 πόλιν
676 171 729 203 καὶ
753 173 814 212 τὴν
839 173 950 214 χώραν
974 174 1113 205 ἅπασαν.

99 225 186 265 <38>
210 225 273 257 ἀπὸ
298 227 359 267 γὰρ
384 231 441 266 τῆς
465 227 512 263 είς
535 227 594 257 τὸν
611 227 695 257 θεὸν
713 227 989 267 καταφρονήσεως
1008 226 1113 268 ὁρμώ-

99 289 197 319 μενος
216 279 340 316 πάντας
355 279 450 320 ὠμῶς
464 280 541 316 τοὺς
556 279 705 316 δικαίους
723 280 800 316 τοὺς
815 278 850 310 ἐν
865 285 934 316 τοῖς
949 278 1115 319 Ἑβραίοις

72 330 297 362 ὃάπέκτεινεν.
339 330 410 363 ἀλλ’
437 329 515 363 οὐδὲ
539 337 606 362 τῶν
624 337 804 372 προφητῶν
829 332 900 372 ἔσχε
920 332 1036 372 φειδώ,
1059 331 1110 363 καὶ

98 384 225 415 τούτων
249 383 288 416 δέ
309 396 401 422 τινας
424 383 501 415 καθ’
526 383 652 425 ἡμέραν
675 383 871 425 ἀπέσφαζεν,
895 385 977 416 ὥστε
1001 385 1113 426 αἵματι

99 437 231 478 ῥεῖσθαι
255 438 294 468 τὰ
314 436 532 478 Ἱεροσόλυμα.
579 437 674 477 <39>
704 438 815 478 λαβὼν
844 435 905 469 οὖν
933 438 1037 479 ὀργὴν
1061 437 1113 469 ἐπὶ

98 490 227 527 τούτοις
251 490 268 521 ὁ
293 491 372 527 θεὸς
395 489 513 531 πέμπει
532 491 704 531 προφήτας
726 491 808 531 πρὸς
826 491 884 522 τὸν
904 490 1040 532 βασιλέα
1059 490 1113 522 καὶ

98 544 180 584 πρὸς
208 544 244 574 τὸ
272 546 416 583 πλῆθος,
447 542 490 574 δι’
522 540 569 574 ὧν
600 543 713 580 αὐτοῖς
742 543 897 584 ἠπείλησε
924 545 982 581 τὰς
1013 544 1114 581 αὐτὰς

59 603 84 623 ¹0
99 597 272 637 συμφορὰς
296 591 348 633 αἷς
371 595 492 637 συνέβη
515 602 703 637 περιπεσεῖν
722 598 798 634 τοὺς
818 596 985 637 ἀδελφοὺς
1004 597 1114 629 αὐτῶν

96 648 297 690 Ἰσραηλίτας
325 650 371 686 είς
399 649 500 681 αὐτὸν
533 649 776 690 ἐξυβρίσαντας.
823 651 858 681 οἳ
888 648 924 681 δὲ
956 656 1025 688 τοῖς
1053 649 1114 691 μὲν

98 703 209 742 λόγοις
233 702 293 733 οὐκ
317 702 504 739 ἐπίστευον,
533 701 608 743 παρ’
636 700 683 734 ὧν
706 702 872 742 ἠδύναντο
897 705 1053 744 κερδῆσαι
1078 706 1114 736 τὸ

98 755 239 796 μηδενὸς
253 758 454 796 πειραθῆναι
469 760 582 793 κακοῦ,
602 761 670 793 τοῖς
686 754 715 786 δ’
735 757 843 796 ἔργοις
859 757 986 797 ἔμαθον
1003 757 1113 798 ἀληθῆ

98 808 137 839 τὰ
161 809 248 849 παρὰ
273 814 339 839 τῶν
362 814 552 849 προφητῶν.

58 868 83 888 15
165 861 251 901 (40)
280 861 324 898 ὡς
355 862 415 902 γὰρ
445 867 514 898 τοῖς
543 861 656 898 αὐτοῖς
684 859 856 901 ἐπέμενον,
886 863 1032 903 πόλεμον
1061 861 1110 894 ἐπ’

9 925 26 983 ξ
98 914 219 951 αὐτοὺς
244 913 342 945 ἐκίνει
366 914 454 955 παρα
477 925 512 945 τε
535 918 594 945 τοῦ
617 919 684 945 τῶν
703 915 931 954 Βαβυλωνίων
954 914 1008 946 καὶ
1029 917 1114 947 Χαλ-

98 968 202 998 δαίων
227 966 396 1008 βασιλέως,
421 967 457 1004 ὃς
481 967 636 1008 στρατιὰν
655 965 786 1007 πέμψας
805 968 852 1004 εἰς
870 968 931 1008 τὴν
949 967 1115 1000 Ἰουδαίαν

11 1009 22 1050 ἶ
97 1020 158 1060 τήν
182 1031 215 1051 τε
239 1020 350 1061 χώραν
374 1019 582 1060 ἐλεηλάτησε,
606 1019 659 1050 καὶ
684 1021 742 1051 τὸν
766 1019 902 1060 βασιλέα
930 1023 1114 1062 Μανασσῆν

14 1077 23 1122 i
99 1073 185 1115 δόλῳ
201 1072 373 1113 ληφθέντα
392 1071 445 1103 καὶ
465 1073 548 1113 πρὸς
567 1072 669 1103 αὐτὸν
688 1071 844 1113 ἀχθέντα,
863 1074 945 1114 πρὸς
964 1073 1005 1114 ἣν
1021 1073 1115 1114 ἐβού-

57 1133 83 1152 2⁰
98 1128 171 1157 λετο
196 1127 356 1166 τιμωρίαν
380 1122 466 1166 εἶχεν
485 1125 686 1166 ὑποχείριον.
728 1126 814 1165 <41>
836 1125 853 1157 ὁ
873 1124 909 1157 δὲ
929 1127 1115 1167 Μανασσῆς

96 1180 169 1210 τότε
198 1177 309 1215 συνεὶς
338 1177 373 1209 ἐν
402 1179 486 1215 οἵοις
513 1184 626 1215 κακοῖς
655 1177 738 1215 ἐστί,
766 1177 821 1209 καὶ
849 1179 983 1210 πάντων
1007 1182 1115 1210 αἴτιον

98 1230 217 1263 ἑαυτὸν
241 1233 398 1272 νομίζων,
422 1230 527 1262 ἐδεῖτο
551 1236 610 1262 τοῦ
635 1234 719 1262 θεοῦ
742 1238 924 1273 παρασχεῖν
947 1232 1035 1275 αὐτῷ
1060 1245 1115 1273 φι-

98 1284 301 1325 λάνθρωπον
324 1283 375 1316 καὶ
403 1284 562 1325 ἐλεήμονα
591 1285 650 1315 τὸν
676 1283 844 1325 πολέμιον.
890 1287 1053 1326 χαρίζεται
1079 1284 1115 1317 δὲ

97 1342 195 1369 τοῦτο
220 1342 276 1378 τῆς
301 1338 423 1374 ἱκεσίας
447 1337 630 1374 ἐπακούσας
659 1337 675 1369 ὁ
700 1338 779 1374 θεὸς
803 1337 905 1380 αὐτῷ,
933 1337 987 1369 καὶ
1014 1338 1116 1370 πάλιν

57 1399 83 1417 25
98 1391 145 1427 εἰς
172 1390 233 1430 τὴν
258 1391 383 1421 οἰκείαν
407 1390 424 1422 ὁ
449 1392 634 1429 [Μανασσῆς
662 1389 845 1427 ἀπολυθεὶς
872 1391 937 1422 ὑπὸ
965 1396 1025 1423 τοῦ
1049 1397 1116 1423 τῶν

98 1445 324 1484 Βαβυλωνίων
344 1442 504 1484 βασιλέως
523 1442 731 1480 ἀνασώζεται.
774 1443 860 1483 <42>
886 1445 1062 1485 γενόμενος
1082 1443 1112 1476 δ’

98 1497 145 1533 είς
172 1497 212 1527 τὰ
237 1495 446 1537 Ἱεροσόλυμα
480 1501 546 1527 τῶν
579 1493 639 1536 μὲν
671 1497 842 1536 πρότερων
875 1496 1116 1538 ἁμαρτημάτων

97 1548 171 1589 περὶ
195 1550 254 1580 τὸν
278 1550 361 1580 θεὸν
382 1548 435 1580 καὶ
455 1548 516 1589 τὴν
535 1549 667 1589 μνήμην
687 1547 896 1589 ἐσπούδαζεν,
920 1551 950 1581 εἰ
970 1551 1116 1582 δυνατὸν

98 1602 186 1644 αὐτῷ
214 1601 358 1642 γένοιτο,
392 1606 450 1642 τῆς
478 1606 584 1642 ψυχῆς
613 1600 778 1642 ἐκβαλεῖν,
809 1599 856 1633 ὧν
887 1602 1116 1644 ἐπιβουλεύειν

58 1663 84 1683 so
99 1654 228 1696 ὥρμησε
256 1654 309 1686 καὶ
338 1655 424 1696 πάσῃ
455 1657 599 1695 χρῆσθαι
627 1652 701 1694 περὶ
733 1654 835 1686 αὐτὸν
863 1655 1116 1699 δεισιδαιμονίᾳ.

171 1717 185 1746 ξ
201 1717 234 1740 38
250 1727 282 1736 =
298 1717 314 1740 4
328 1714 396 1748 Reg.
412 1714 477 1740 XXI
490 1717 530 1740 16.
605 1717 618 1746 ξ
635 1717 668 1740 40
685 1726 718 1736 =
733 1717 747 1740 2
763 1714 854 1741 Pau-al.
870 1716 986 1742 XXXIII
1004 1720 1043 1743 11.
