1261 1917
500 52 650 76 EBAOMH
1020 50 1083 81 105

71 133 218 171 σίλευον,
241 131 386 173 ζὲκάστου
414 132 501 172 παρὰ
531 137 588 163 τοῦ
616 133 738 172 πατρὸς
767 132 832 172 ἅμα
861 136 898 173 τῇ
923 131 1005 173 ἀρχῇ
1030 130 1084 163 καὶ

69 185 215 226 τοῦνομα
231 183 457 225 ἐκδεχομένου,
476 185 583 226 ὥσπερ
600 185 634 215 οἱ
647 186 847 225 Πτολεμαῖοι
865 184 900 215 ἐν
916 186 1084 228 Αἰγύπτῳ.

70 237 178 278 <103>
201 236 356 278 μέγιστον
381 236 415 269 δὲ
440 238 574 269 πάντων
594 236 753 278 δυνηθεὶς
776 237 794 269 ὁ
818 239 936 278 τρίτος,
961 238 1084 279 ἀναμα-

69 290 229 332 χέσασθαι
249 292 452 332 βουλόμενος
472 291 531 331 τὴν
550 295 609 322 τοῦ
628 290 837 331 προπάτορος
856 288 968 331 ἧτταν,
988 299 1084 332 στρα-

42 344 186 381 5τεύσας
210 343 262 375 ἐπὶ
290 346 367 381 τοὺς
389 343 571 381 Ἰουδαίους
595 343 760 385 ἐπόρθησε
789 344 850 384 τὴν
878 348 942 375 νῦν
971 346 1084 385 Σαμα-

69 401 173 438 ρεῖτιν
203 397 432 438 καλουμένηνῖ
488 397 528 428 οὐ
561 398 718 438 διήμαρτε
752 395 789 428 δὲ
822 402 879 438 τῆς
911 397 1084 437 ἀληθείας·

69 447 166 487 οὗτος
190 450 251 491 γάρ
277 449 366 481 ἐστιν
381 449 524 488 ’Ἄδαδος
547 450 564 482 6
589 450 870 491 στρατευσάμενος
895 449 946 482 ἐπὶ
972 450 1085 491 Σαμά-

69 514 162 544 ρειαν
184 502 323 544 Ἀχάβου
348 505 582 544 βασιλεύοντος
606 509 671 534 τῶν
693 502 918 544 Ἰσραηλιτῶν,
946 502 1020 544 περὶ
1046 500 1086 534 οὗ

69 556 149 587 κατὰ
173 557 284 597 χώραν
307 557 448 597 ὕστερον
472 556 621 598 ἐροῦμεν.

31 620 56 639 10
137 610 246 650 <104>
268 610 420 650 Δαυίδης
449 608 485 641 δὲ
514 610 796 651 στρατευσάμενος
825 609 877 641 ἐπὶ
905 611 1086 651 Δαμασκὸν
1105 621 1121 644 3

69 661 123 693 καὶ
147 663 207 702 τὴν
231 663 335 703 ἄλλην
360 665 507 704 Συρίαν,
535 668 644 694 πᾶσαν
673 663 777 703 αὐτὴν
802 663 948 703 ὑπήκοον
977 663 1086 704 ἐποιή-

70 724 160 755 σατο,
184 715 237 747 καὶ
262 717 412 757 φρουρὰς
437 715 472 747 ἐν
495 721 531 757 τῇ
556 717 645 758 χώρᾳ
664 717 867 756 καταστήσας
886 715 940 747 καὶ
960 718 1087 758 φόρους

70 769 184 806 αὐτοῖς
217 772 323 800 τελεῖν
357 769 471 810 ὁρίσας
500 768 696 810 ὑπέστρεψε,
730 768 783 800 καὶ
812 769 869 806 τάς
897 781 931 800 τε
963 775 1087 810 χρυσᾶς

70 821 237 863 φαρέτρας
260 821 313 853 καὶ
333 823 390 859 τὰς
409 824 604 859 πανοπλίας,
629 822 667 859 ἃς
687 823 721 853 οἱ
738 826 797 853 τοῦ
815 821 955 853 Ἀδάδου
980 831 1086 863 σωμα-

30 885 54 905 1⁵
70 875 254 915 τοφύλακες
278 874 439 916 ἐφόρουν,
470 874 613 915 ἀνέθηκε
636 880 681 918 τῷ
705 879 774 918 θεῷ
799 876 846 912 είς
866 874 1087 917 Ἱεροσόλυμα,

69 929 178 968 <105>
197 927 235 965 ἃς
254 928 393 969 ὕστερον
413 928 429 959 6
450 934 516 959 τῶν
532 929 727 968 Αἰγυπτίων
744 930 898 969 βασιλεὺς
914 929 1088 966 Σούσακος

70 982 269 1022 στρατεύσας
289 980 341 1013 ἐπὶ
361 982 419 1012 τὸν
438 982 564 1013 υἱωνὸν
584 982 687 1013 αὐτοῦ
707 981 885 1023 Ῥοβόαμον
905 983 1011 1023 ἔλαβε,
1033 982 1086 1014 καὶ

69 1036 176 1067 πολὺν
200 1035 303 1066 ἄλλον
327 1034 361 1066 ἐκ
385 1040 452 1066 τῶν
472 1033 710 1075 Ἱεροσολύμων
733 1034 909 1076 ἐξεφόρησε
933 1038 1087 1067 πλοῦτον.

70 1092 172 1119 ταῦτα
196 1086 256 1129 μὲν
281 1085 356 1125 οὖν,
386 1088 465 1119 ὅταν
490 1089 641 1128 ἔλθωμεν
666 1087 718 1119 ἐπὶ
747 1089 806 1119 τὸν
830 1089 954 1120 οἰκεῖον
977 1089 1088 1120 αὐτῶν

31 1150 58 1170 20
70 1143 188 1181 τόπον,
212 1142 416 1182 δηλώσομεν
446 1141 463 1173 6
493 1139 529 1172 δὲ
558 1147 624 1172 τῶν
644 1140 806 1182 Ἑβραίων
836 1142 1004 1182 βασιλεύς,
1028 1147 1087 1174 τοῦ

71 1198 154 1225 θεοῦ
179 1193 404 1235 συμπνέοντος
428 1194 515 1237 αὐτῷ
539 1193 593 1225 καὶ
618 1195 695 1231 τοὺς
719 1194 884 1236 πολέμους
907 1203 1087 1237 συγκατορ-

71 1250 226 1287 θοῦντος,
250 1253 320 1284 ταῖς
344 1249 533 1285 καλλίσταις
558 1254 625 1279 τῶν
646 1247 847 1289 Ἀδραζάρου
875 1249 1004 1279 πόλεων
1034 1247 1087 1280 ε’π-

72 1300 280 1340 εστράτευσε,
314 1302 458 1343 Βατταίᾳ
491 1300 544 1331 καὶ
569 1301 727 1341 Μάχωνι,
761 1300 815 1332 καὶ
844 1302 956 1342 λαβὼν
987 1302 1088 1339 αὐτὰς

70 1354 152 1384 κατὰ
185 1353 304 1394 κράτος
336 1354 504 1394 διήρπασε.
555 1354 664 1393 <106>
692 1354 814 1394 χρυσὸς
847 1353 877 1384 δ’
909 1353 945 1384 ἐν
973 1354 1089 1392 αὐταῖς

33 1415 58 1435 25
71 1405 199 1447 ηὑρέθη
223 1407 396 1447 πάμπολυς
419 1405 473 1437 καὶ
497 1407 656 1447 ἄργυρος,
681 1407 727 1438 ἔτι
752 1405 789 1438 δὲ
812 1405 867 1438 καὶ
891 1408 1024 1447 χαλκός,
1049 1407 1089 1438 ὃν

72 1464 130 1491 τοῦ
154 1465 280 1501 χρυσοῦ
303 1459 463 1501 κρείττον’
486 1461 614 1500 ἔλεγον·
639 1459 671 1498 ἐξ
691 1457 731 1491 οὗ
754 1459 809 1491 καὶ
833 1460 850 1492 ὁ
871 1461 1034 1501 Σολομὼν
1052 1461 1088 1492 τὸ

73 1512 154 1554 μέγα
183 1518 312 1553 σκεῦος,
340 1513 511 1544 θάλατταν
540 1511 576 1544 δὲ
604 1514 825 1554 καλούμενον,
860 1513 1006 1554 ἐποίησε,
1034 1512 1088 1544 καὶ

73 1567 149 1603 τοὺς
176 1568 371 1603 καλλίστους
399 1565 546 1603 ἐκείνους
575 1569 752 1606 λουτῆρας,
783 1566 836 1597 ὅτε
865 1571 908 1608 τῷ
938 1570 1006 1609 θεῷ
1030 1567 1089 1598 τὸν

73 1620 155 1651 ναὸν
178 1619 424 1651 κατεσκεύασεν.

35 1679 62 1699 ³0
141 1673 249 1713 <107>
274 1673 318 1710 ὡς
342 1671 372 1703 δ’
400 1672 417 1704 ὁ
441 1677 498 1713 τῆς
520 1671 664 1713 Ἀμάθης
691 1674 846 1713 βασιλεὺς
869 1673 908 1704 τὰ
932 1672 1006 1713 περὶ
1031 1674 1089 1704 τὸν
1109 1682 1126 1706 4

145 1736 158 1765 ξ
177 1736 226 1760 104
247 1746 279 1754 =
299 1736 314 1759 2
331 1733 399 1766 Reg.
420 1733 484 1758 VIII
500 1737 523 1760 6.
