1261 1917
515 60 665 85 EBAOMH
1034 58 1049 88 1
1057 59 1097 89 15

79 143 144 178 θὺς
172 142 283 181 ἄγεται
314 145 468 181 γυναῖκα,
496 139 550 172 καὶ
579 146 655 178 παῖς
683 140 788 182 ἄρρην
818 139 850 177 ἐξ
879 139 980 180 αὐτῆς
1008 139 1096 182 αὐτῷ

80 196 214 234 γίνεται.

146 247 254 287 <14T>
270 252 388 278 τοῦτον
413 247 471 288 οὐχ
492 245 597 287 ἡδέως
617 245 745 277 ἐπεῖδεν
765 246 781 277 ὁ
802 246 881 283 θεὸς
901 247 958 277 τὸν
978 246 1096 287 γάμον,

77 299 159 331 ἀλλὰ
184 299 228 331 δι’
255 300 355 341 ὀργῆς
384 301 468 341 ἔχων
496 301 554 331 τὸν
576 300 745 339 Δαυίδην,
774 303 818 341 τῷ
847 299 1000 339 προφήτῃ
1026 301 1095 330 Να-

50 364 62 382 5
77 353 167 395 θάνᾳ
191 352 309 393 φανεὶς
332 355 412 384 κατὰ
437 354 513 391 τοὺς
532 353 658 390 ὕπνους
683 351 844 393 ἐμέμφετο
868 353 927 383 τὸν
949 351 1095 392 βασιλέα.

77 406 94 437 ὁ
119 404 155 437 δὲ
180 406 343 443 Ναθάνας
368 406 495 444 ἀστεῖος
524 406 570 437 ὧν
594 404 648 437 καὶ
673 406 809 442 συνετὸς
833 405 932 446 ἀνήρ,
962 405 1095 445 λογισά-

76 471 174 500 μενος
198 460 242 496 ὡς
266 460 300 490 οἱ
322 462 477 500 βασιλεῖς,
503 459 581 490 ’όταν
602 459 649 496 εἰς
668 458 772 500 ὀργὴν
792 457 966 499 ἐμπέσωσι,
992 459 1094 499 ταύτῃ

75 511 177 544 πλεόν
201 512 220 552 ἣ
244 517 288 555 τῷ
313 513 429 556 δικαίῳ
462 511 612 553 νέμουσι,
641 513 697 549 τὰς
726 509 786 552 μὲν
815 512 904 553 παρὰ
928 516 987 543 τοῦ
1012 514 1095 542 θεοῦ

77 565 295 606 γεγενημένας
319 565 454 603 ἀπειλὰς
478 565 651 606 ἡσυχάζειν
676 565 815 605 ἔκρινεν,
840 565 962 602 ἄλλους
984 563 1020 596 δὲ
1041 565 1095 596 λό-

36 628 61 647 10
76 630 155 658 γους
177 620 339 659 χρηστοὺς
362 620 444 659 πρὸς
468 618 570 650 αὐτὸν
595 618 764 658 διεξῆλθε,
792 617 846 649 καὶ
876 618 916 658 δὴ
942 619 1095 649 τοιοῦτόν

75 683 149 702 τινα
182 673 318 712 τρόπον,
352 671 423 712 περὶ
460 669 500 702 οὗ
533 670 587 702 καὶ
621 672 654 702 τί
680 677 800 712 φρονεῖ
826 676 960 712 ποιῆσαι
991 669 1095 711 σαφὲς

74 725 161 767 αὐτῷ
186 725 370 765 παρεκάλει.
414 725 522 764 <148>
544 723 628 755 ‘6130’
650 724 711 764 γὰρ
732 725 855 764 ἔφησεν
880 724 1011 765 “ἅνδρες
1033 724 1094 764 τὴν

73 777 178 818 αὐτὴν
197 776 367 820 κατῴκουν
387 779 495 813 πόλιν,
519 774 566 808 ὧν
586 776 602 808 ὃ
623 775 684 817 μὲν
702 777 861 814 πλούσιος
882 775 922 817 ἧν
941 775 995 807 καὶ
1015 779 1093 808 πολ-

74 831 132 868 λὰς
161 828 247 871 εἶχεν
281 830 399 870 ἀγέλας
430 831 620 870 ’ὑποζυγίων
653 841 686 860 τε
719 828 773 860 καὶ
806 829 1008 871 θρεμμάτων
1038 828 1092 860 καὶ

34 893 58 911 15
74 885 173 924 βοῶν,
198 888 241 926 τῷ
261 882 375 923 πένητι
396 882 426 914 δ’
448 883 554 924 ἀμνὰς
577 882 702 923 ὑπῆρχε
722 884 789 923 μία.
836 883 944 922 <149>
970 882 1093 923 ταύτην

73 937 152 977 μετὰ
176 942 243 968 τῶν
263 936 388 967 τέκνων
407 936 506 973 αὐτὸς
529 934 698 976 ἀνέτρεφε,
723 936 990 977 συνδατούμενος
1010 935 1092 977 αὐτῇ

72 991 111 1021 τὰ
135 992 232 1029 σιτία,
256 989 307 1021 καὶ
335 990 554 1031 φιλοστοργίᾳ
578 990 661 1030 πρὸς
685 989 788 1029 αὐτὴν
807 990 976 1030 χρώμενος
1000 986 1019 1030 ᾖ
1043 1001 1092 1026 τις

72 1043 113 1074 ἂν
137 1044 293 1084 χρήσαιτο
317 1042 371 1074 καὶ
396 1043 478 1084 πρὸς
497 1041 676 1083 θυγατέρα.
719 1041 816 1080 ξένου
838 1041 868 1073 δ’
891 1042 1092 1080 ἐπελθόντος

72 1101 115 1139 τῷ
140 1097 298 1139 πλουσίῳ,
322 1101 389 1127 τῶν
412 1094 473 1136 μὲν
493 1096 589 1126 ἰδίων
609 1093 709 1126 οὐδὲν
729 1094 853 1132 ἐκεῖνος
875 1095 1092 1136 βοσκημάτων

32 1158 57 1177 20
73 1149 189 1189 ἠξίωσε
213 1149 404 1186 καταθύσας
428 1148 591 1189 εὐωχῆσαι
613 1149 670 1179 τὸν
690 1149 802 1189 φίλον,
826 1147 955 1189 πέμψας
975 1146 1010 1179 δὲ
1031 1149 1091 1188 τὴν

72 1202 201 1243 ἀμνάδα
225 1206 285 1233 τοῦ
308 1201 447 1242 πένητος
472 1201 653 1239 ἀπέσπασε,
682 1200 733 1232 καῖ
760 1202 883 1241 ταύτην
906 1210 1090 1243 παρασκευ-

71 1255 152 1292 άσας
177 1255 318 1286 εἶστιάσε
343 1255 400 1285 τὸν
425 1254 542 1292 ξε’νον.’
590 1255 697 1294 (150)
719 1255 849 1295 σφόδρα
874 1253 904 1285 δ’
927 1254 1090 1295 ἐλύπησεν

71 1309 88 1340 ὁ
118 1309 216 1347 λόγος
245 1304 341 1344 οὗτος
374 1308 432 1338 τὸν
463 1306 614 1347 βασιλέα,
648 1306 699 1338 καὶ
735 1308 884 1348 πονηρὸν
916 1309 998 1348 πρὸς
1031 1309 1089 1339 τὸν

72 1361 239 1392 Ναθάναν
262 1361 320 1391 τὸν
344 1361 526 1400 ἄνθρωπον
551 1359 688 1400 ἐκεῖνον,
713 1360 749 1397 ὃς
769 1360 809 1399 δὴ
830 1365 926 1391 τοῦτο
947 1358 1090 1401 τοῦργον

32 1413 263 1455 ὶῦέτόλμησεν,
298 1413 502 1453 ἀπεφήνατο.
537 1412 590 1444 καὶ
625 1415 809 1453 τετραπλῆν
842 1412 995 1444 ἀποτῖσαι
1028 1414 1089 1454 τὴν

70 1467 199 1508 ἀμνάδα
225 1467 355 1498 δίκαιον
380 1463 479 1501 εἶναι..
509 1465 563 1497 καὶ
592 1468 674 1507 πρὸς
702 1466 807 1508 τούτῳ
832 1465 967 1509 θανάτῳ
991 1469 1087 1498 κολα-

70 1523 201 1561 σθῆναι.
250 1520 414 1557 Ναθάνας
439 1518 468 1550 δ’
496 1520 671 1560 ὑποτυχὼν
695 1519 796 1550 αὐτὸν
821 1520 932 1559 ἔλεγεν
959 1518 1088 1551 ἐκεῖνον

70 1570 152 1604 εἶναι
177 1574 235 1605 τὸν
260 1572 352 1611 ἄξιον
377 1577 478 1604 ταῦτα
507 1576 645 1611 παθεῖν,
675 1571 733 1613 ὑφ’
761 1572 864 1603 αὑτοῦ
892 1572 1087 1613 κεκριμένον

69 1627 274 1667 τολμήσαντα
294 1626 375 1667 μέγα
395 1624 446 1657 καὶ
469 1626 582 1657 δεινὸν
603 1627 709 1667 ἔργον.
752 1626 859 1665 <151>
882 1625 1087 1657 ἀνεκάλυπτε

31 1685 56 1706 ³⁰
69 1677 99 1710 δ’
121 1679 208 1722 αὐτῷ
227 1678 279 1710 καὶ
301 1680 513 1721 παρεγύμνου
534 1679 594 1719 τὴν
613 1679 716 1719 ὀργὴν
736 1683 794 1710 τοῦ
812 1682 906 1714 θεοῦ,
926 1679 1082 1719 ποιήσανν

137 1742 152 1771 ξ
169 1743 217 1766 14?
239 1753 271 1762 =
291 1743 306 1766 2
326 1740 393 1773 Reg.
414 1740 463 1765 ΧΗ
483 1744 503 1766 1.
