1261 1917
560 63 655 87 EKTH
1072 59 1114 90 55

100 144 264 184 Δαυίδης,
293 144 352 175 οὐκ
382 145 427 181 εἰς
456 144 512 174 τὸν
541 144 681 183 τυχόντα
711 142 861 182 θόρυβον
890 140 941 172 καὶ
970 140 1114 181 ταραχὴν

101 196 262 235 ἐνέπεσεν,
287 195 358 228 ἀλλ’
381 196 476 233 εἰδὼς
500 196 535 226 τὸ
561 196 714 236 φρόνημα
739 193 879 234 τανὸρὸς
903 192 953 224 καὶ
978 194 1038 233 τὴν
1063 193 1113 224 εὐ-

100 251 238 290 τολμίαν
263 247 362 280 οὐδὲν
386 248 418 286 ἐξ
441 248 543 279 αὐτοῦ
567 249 685 289 μικρὸν
709 247 892 283 ἀνακύψειν
921 248 1029 287 ἔργον,
1054 245 1111 286 ὑφ’

100 299 139 333 οὗ
159 303 361 333 κλαύσεσθαι
381 302 511 338 πάντως
530 300 581 332 καὶ
603 301 771 340 πονήσειν,
796 300 966 339 ὑπενόησε.
1005 299 1113 338 <251>

72 367 84 385 5
99 354 150 386 καὶ
175 354 377 395 συγκαλέσας
396 356 473 392 τοὺς
492 356 612 395 φίλους
631 352 683 384 καὶ
704 354 781 390 τοὺς
802 352 962 393 ἡγεμόνας
981 351 1032 383 καῖ
1055 352 1114 391 τὴν

99 408 210 448 φυλὴν
235 407 266 446 ἐξ
293 406 329 448 ἧς
353 408 451 445 αὐτὸς
477 405 516 448 ἦν
540 408 621 447 πρὸς
645 407 747 438 αὑτὸν
772 405 821 437 ἐπὶ
848 407 905 437 τὸν
925 406 1050 446 βουνὸν
1074 402 1114 436 οὗ

98 462 135 493 τὸ
159 463 328 501 βασίλειον
353 459 427 501 εἶχε,
451 460 504 492 καὶ
530 462 671 497 καθίσας
696 458 744 491 ἐπ’
765 458 922 500 Ἀρούρης
947 457 1060 500 (τόπος
1080 456 1110 488 δ’

98 511 139 554 ἧν
163 526 212 551 τις
236 514 321 545 οὕτω
346 512 702 554 προσαγορευόμενος),
729 517 823 553 τιμῆς
846 515 1016 552 πολιτικῆς
1039 509 1112 551 περὶ

99 567 200 598 αὐτὸν
228 567 328 606 οὔσης
356 566 407 598 καὶ
444 567 562 604 τάξεως
591 571 657 597 τῶν
688 565 992 606 σωματοφυλάκων,
1027 563 1112 603 λέγει

59 631 83 650 ιο
98 621 179 659 πρὸς
203 620 323 656 αὐτούς
348 620 478 660 τἄνδρες
503 619 682 660 ὁμόφυλοι,
711 617 880 659 μέμνησθε
910 615 945 648 εὖ
973 615 1036 648 οἷδ’
1064 617 1112 648 ὅτι

98 678 164 703 τῶν
193 672 280 713 ἐμῶν
309 673 520 713 εὐεργεσιῶν,
554 672 599 703 ὅτι
632 670 683 702 καὶ
715 671 827 711 ἀγρῶν
856 671 948 707 τινὰς
978 669 1113 710 ἐποίησα

99 726 258 762 δεσπότας
290 724 340 756 καὶ
376 731 479 765 τιμῶν
512 730 578 756 τῶν
613 724 648 755 ἐν
681 728 724 766 τῷ
754 724 874 764 πλήθει
908 722 961 754 καὶ
991 723 1114 761 τάξεων

101 778 229 818 ἠξίωσα.
268 778 376 817 <252>
392 777 605 818 πυνθάνομαι
626 781 805 817 τοιγαροῦν
825 777 855 807 ει’
872 778 1022 816 μείζονας
1039 777 1112 807 τού-

99 843 164 862 των
194 831 318 871 ὁωρεὰς
346 829 396 861 καὶ
427 832 581 867 πλείονας
609 830 696 870 παρὰ
724 833 784 860 τοῦ
809 827 967 860 Ἰεσσαίου
995 830 1113 866 παιδὸς

60 894 83 913 15
98 884 309 923 προσδοκᾶτε.
356 881 430 914 οῖδα
456 884 516 922 γὰρ
537 883 585 914 ὅτι
605 882 725 919 πάντες
745 881 858 925 ἐκείνῳ
878 883 1113 922 προστίθεσθε,

97 936 221 977 τούμοῦ
249 937 366 973 παιδὸς
388 935 548 967 Ἰωνάθου
577 935 678 966 αὐτοῦ
707 946 739 966 τε
769 935 853 966 οὕτω
883 936 1113 975 φρονήσαντος

97 988 148 1020 καὶ
175 990 258 1030 ὑμᾶς
282 989 382 1020 ταύτὰ
401 991 583 1026 πείσαντος.
631 988 738 1028 <253>
762 988 802 1019 οὐ
822 988 883 1028 γὰρ
907 987 1016 1028 ἀγνοῶ
1036 990 1113 1025 τοὺς

97 1043 216 1084 ὅρκους
239 1041 291 1073 καὶ
317 1043 374 1079 τὰς
398 1042 568 1081 συνθήκας
593 1042 649 1078 τὰς
671 1042 753 1082 πρὸς
772 1041 926 1081 Δαυίδην
950 1041 1037 1083 αὐτῷ
1062 1053 1112 1081 γε·

97 1094 291 1136 γενήμένας,
318 1094 390 1126 οὐδ’
418 1095 463 1126 ὅτι
492 1095 679 1135 σύμβουλος
703 1092 764 1135 μὲν
788 1093 840 1124 καὶ
867 1095 1026 1134 συνεργὸς
1048 1093 1112 1125 Ἰω-

57 1158 83 1177 20
100 1149 203 1188 νάθης
237 1147 302 1179 ἐστὶ
333 1153 399 1179 τῶν
427 1146 496 1178 κατ’
530 1147 609 1188 ε’μοῦ
639 1146 925 1187 συντεταγμένων,
959 1146 1047 1187 με’λει
1080 1146 1110 1178 δ’

97 1201 190 1242 ὑμῶν
214 1200 325 1232 οὐδενὶ
350 1200 421 1241 περὶ
444 1201 581 1239 τούτων,
605 1200 687 1232 ἀλλὰ
707 1201 743 1231 τὸ
764 1199 1015 1241 ἀποβησόμενον
1034 1199 1112 1240 ἡσυ-

97 1254 247 1294 χάζοντες
271 1253 439 1285 σκοπεῖτε.’
488 1254 595 1294 <254>
621 1254 847 1293 σιωπήσαντος
876 1251 911 1284 δὲ
938 1257 996 1284 τοῦ
1021 1255 1112 1294 βασι-

98 1306 179 1344 λέως
216 1307 314 1344 ἄλλος
350 1305 410 1347 μὲν
448 1305 557 1343 οὐδεὶς
594 1306 791 1347 ἀπεκρίνατο
829 1311 895 1337 τῶν
928 1308 1112 1347 παρόντων,

97 1360 234 1399 Δώηκος
263 1358 293 1390 δ’
325 1359 342 1391 ὁ
373 1360 498 1400 Σύρος,
527 1359 543 1390 ὁ
572 1360 629 1396 τὰς
657 1358 813 1399 ἡμιόνους
841 1358 943 1390 αὐτοῦ
972 1360 1112 1399 βόσκων,

57 1422 82 1441 25
98 1410 188 1443 εἶπεν
221 1412 265 1449 ὡς
299 1413 363 1444 ι”δοι
399 1413 456 1444 τὸν
485 1413 638 1452 Δαυίδην
672 1413 718 1449 εἰς
750 1413 868 1452 Ναβᾶν
900 1413 998 1443 πόλιν
1031 1413 1112 1453 πρὸς

95 1463 301 1505 Ἀχιμέλεχον
321 1464 463 1496 ἐλθόντα
483 1466 541 1495 τὸν
561 1464 722 1505 ἀρχιερέα,
742 1465 780 1495 τά
800 1476 833 1495 τε
853 1463 1013 1505 με’λλοντα
1033 1464 1109 1506 παρ’

98 1517 200 1549 αὐτοῦ
219 1518 510 1558 προφητεύσαντος
530 1520 662 1558 μαθεῖν,
684 1517 736 1548 καὶ
758 1518 901 1558 λαβόντα
921 1517 1039 1558 ἐφόδια
1058 1517 1111 1549 καὶ

97 1571 156 1611 τὴν
183 1571 351 1612 ῥομφαίαν
379 1575 438 1602 τοῦ
464 1571 633 1602 Γολιάθου
662 1571 743 1611 πρὸς
772 1570 830 1608 οὓς
860 1570 1012 1611 ἐβούλετο
1041 1570 1109 1612 μετ’

99 1623 278 1664 ἀσφαλείας
302 1627 571 1664 προπεμφθῆναι.

57 1685 84 1703 ³⁰
164 1678 270 1716 055>
291 1677 582 1718 μεταπεμψάμενος
601 1674 662 1708 οὗν
682 1678 739 1708 τὸν
759 1676 910 1718 ἀρχιερέα
930 1676 981 1708 καὶ
1003 1682 1111 1709 πᾶσαν
1131 1687 1146 1709 5

168 1740 181 1768 ς
203 1740 252 1762 251
275 1750 307 1758 =
330 1741 341 1762 1
363 1737 431 1770 Reg.
453 1737 568 1763 ΧΧΠἸ.
