1261 1917
152 70 172 101 6
519 72 703 97 APXAIOAO
707 73 790 97 ΓΙΑΣ

149 150 396 192 προστρέπεσθε
415 152 451 183 τὸ
470 155 567 183 θεῖον
586 151 639 183 καὶ
659 157 815 193 τιμῶντες
834 153 1017 184 διατελεῖτε.
1059 157 1160 184 ταῦτα

151 204 212 244 γὰρ
241 204 320 244 ὑμῖν
347 209 500 236 ποιοῦσιν
530 204 597 245 ἥξει
631 204 774 245 τάγαθά,
808 205 958 243 δουλείας
990 206 1159 246 ἀπαλλαγὴ

150 255 204 287 καὶ
228 258 301 297 νίκη
325 260 498 298 πολεμίων.
541 257 560 288 ἃ
585 260 698 299 λαβεῖν
722 256 798 289 οὐθ’
825 258 937 295 ὅπλοις
957 259 1031 290 οὔτε
1052 259 1160 299 σωμά-

149 321 216 340 των
240 309 353 347 ἀλκαῖς
377 310 451 341 οὔτε
476 311 595 351 πλήθει
620 311 798 351 συμμάχων
822 311 966 342 δυνατόν
990 311 1089 342 ἐστιν·
1119 311 1159 342 οὐ

150 362 211 403 γὰρ
236 363 365 400 τούτοις
388 364 405 395 ὁ
429 365 508 400 θεὸς
531 364 735 404 ὑπισχνεῖται
759 363 910 405 παρέξειν
934 363 1029 403 αὐτοὶ,
1057 368 1101 406 τῷ
1126 363 1155 394 δ’
1173 375 1184 394 5

150 413 298 454 ἀγαθοὺς
327 413 409 447 εἶναι
439 415 491 447 καὶ
521 417 678 454 δικαίους.
725 416 883 457 ἐγγυητὴς
911 415 940 447 δ’
968 416 1069 448 αὐτοῦ
1092 422 1158 448 τῶν

149 467 357 508 ὑποσχέσεων
381 468 443 509 ἐγὼ
468 469 622 510 γίνομαι.’
669 470 754 510 <22>
779 468 869 500 ταῦτ’
894 470 1042 506 εἰπόντος
1066 469 1158 500 ἑπευ-

150 521 279 561 φήμησε
298 522 334 553 τὸ
354 524 483 562 πλῆθος
501 520 606 562 ἡσθὲν
618 526 655 563 τῇ
671 521 872 563 παραινέσει,
891 520 944 553 καὶ
964 521 1158 553 κατένευσεν

150 573 229 604 αὑτὸ
253 573 404 614 παρέξειν
427 574 662 616 κεχαρισμένον
690 579 733 617 τῷ
761 578 839 617 θεῷ.
885 575 1020 614 συνάγει
1045 573 1075 605 6⁷
1101 575 1158 606 αὐ-

149 626 226 662 τοὺς
241 626 257 657 ὁ
273 628 469 667 Σαμούηλος
488 631 534 664 εἰς
553 640 626 659 τινα
644 629 742 659 πόλιν
759 628 939 668 λεγομένην
954 628 1156 668 Μασφάτην·
1173 639 1198 658 10

148 680 430 719 κατοπτευόμενον
452 685 547 711 τοῦτο
569 682 718 721 σημαίνει
738 681 817 711 κατὰ
836 680 896 720 τὴν
915 686 981 711 τῶν
996 679 1158 721 Ἐβραίων

148 733 304 770 γλῶτταν.
358 731 514 763 ἐντεῦθεν
551 733 792 773 ὑδρευσάμενοί
827 744 859 763 τε
898 731 1076 763 σπένδουσι
1113 738 1157 775 τῷ

148 786 230 826 θεῷ,
258 783 311 815 καὶ
337 785 629 824 διανηστεύσαντες
653 786 733 825 ὅλην
756 785 816 825 τὴν
839 784 963 826 ἡμέραν
987 784 1035 816 ἐπ’
1063 785 1158 826 εὐχὰς

149 835 332 875 τρέπονται.
1080 847 1085 851 ‘

216 891 300 929 <23>
332 890 372 921 οὐ
401 890 605 922 λανθάνουσι
640 889 674 921 δὲ
708 892 785 928 τοὺς
816 892 1060 928 Παλαιστινοὺς
1092 890 1159 922 ἐκεῖ
1173 903 1196 921 15

149 941 383 982 συναχθέντες,
411 942 493 974 ἀλλὰ
521 944 685 983 μαθόντες
713 940 803 974 οὗτοι
832 943 891 983 τὴν
916 944 1072 983 ἄθροισιν
1100 944 1156 974 αὐ-

147 999 213 1025 τῶν
237 995 360 1035 μεγάλῃ
384 999 519 1037 στρατιᾷ
542 994 594 1026 καὶ
620 996 772 1036 δυνάμει,
796 994 864 1026 κατ’
892 995 1007 1027 ἐλπίδα
1031 1001 1089 1027 τοῦ
1113 996 1155 1037 μὴ

147 1048 354 1087 προσδοκῶσι
379 1046 459 1088 μηδὲ
483 1047 801 1089 παρεσκευασμένοις
826 1047 1065 1089 ἐπιπεσεῖσθαι,
1089 1055 1157 1086 τοῖς

144 1098 307 1141 Ἑβραίοις
322 1100 521 1141 ἐπέρχονται.
557 1102 642 1140 (24)
653 1102 866 1141 καταπλήττει
882 1100 911 1132 δ’
926 1101 1045 1138 αὐτοὺς
1059 1106 1155 1133 τοῦτο

147 1151 199 1183 καὶ
230 1154 276 1190 εἰς
303 1154 447 1194 ταραχὴν
475 1154 545 1193 ἄγει
574 1153 627 1184 καὶ
657 1153 744 1193 δεός,
777 1153 829 1184 καὶ
864 1154 1043 1195 δραμόντες
1074 1155 1156 1195 πρὸς
1171 1147 1203 1184 20*

148 1207 347 1246 Σαμούηλον
362 1206 628 1238 ἀναπεπτωκέναι
644 1207 700 1243 τὰς
719 1207 825 1247 ψυχὰς
844 1207 954 1238 αὑτῶν
968 1207 1031 1238 ὑπὸ
1047 1208 1156 1248 φόβου

146 1257 200 1289 καὶ
228 1263 285 1299 τῆς
312 1258 472 1300 προτέρας
499 1260 595 1299 ἥττης
619 1261 777 1300 ἔφασκον,
806 1258 859 1290 καὶ
888 1260 942 1290 διὰ
969 1259 1056 1291 τοῦτ’
1083 1259 1156 1301 ἠρε-

147 1317 234 1351 μεῖν,
264 1311 329 1343 ’ἴνα
357 1312 400 1352 μὴ
428 1313 612 1352 κινήσωμεν
640 1313 700 1352 τὴν
727 1318 792 1343 τῶν
815 1314 981 1353 πολεμίων
1005 1313 1156 1354 δύναμιν.

148 1368 208 1394 σοῦ
237 1363 267 1394 δ’
296 1364 518 1404 ἀναγαγόντος
545 1365 628 1405 ἡμᾶς
657 1364 704 1396 ἐπ’
736 1365 832 1406 εὐχὰς
863 1364 917 1396 καὶ
950 1368 1070 1402 θυσίας
1101 1365 1155 1396 καὶ

148 1417 275 1457 ὅρκους,
300 1423 437 1458 γυμνοῖς
460 1417 512 1449 καὶ
537 1417 672 1454 ἀόπλοις
692 1417 983 1459 ἐπεστρατεύκασιν
1007 1419 1041 1449 οἱ
1062 1417 1156 1449 πολέ-
1171 1428 1195 1447 25

147 1480 228 1509 μιοι·
263 1469 354 1507 ἐλπὶς
382 1468 442 1501 οὖν
470 1470 549 1511 ἡμῖν
578 1471 636 1502 οὐκ
665 1471 745 1510 ἄλλη
780 1472 940 1511 σωτηρίας
972 1470 991 1510 ἢ
1024 1472 1107 1511 μόνη
1136 1470 1155 1510 ἡ

147 1523 234 1562 παρὰ
254 1527 314 1553 σοῦ
333 1522 385 1553 καὶ
406 1528 464 1554 τοῦ
483 1526 566 1554 θεοῦ
583 1522 807 1560 ἶκετευθέντος
822 1523 885 1554 ὑπὸ
901 1528 961 1554 σοῦ
976 1529 1156 1564 παρασχεῖν

146 1574 225 1615 ἡμῖν
255 1575 432 1615 διαφυγεῖν
461 1575 725 1612 Παλαιστινούς.’
777 1576 870 1616 (25)
904 1576 920 1607 ὃ
950 1574 986 1607 δὲ
1015 1579 1157 1617 θαρρεῖν

146 1639 179 1658 τε
204 1627 429 1668 προτρέπεται,
455 1627 505 1659 καὶ
533 1629 714 1668 βοηθήσειν
738 1628 850 1665 αὐτοῖς
873 1630 931 1659 τὸν
954 1630 1036 1660 θεὸν
1060 1628 1156 1668 ἑπαγ-

147 1679 303 1719 γέλλεται.
340 1679 393 1711 καὶ
414 1681 524 1721 λαβὼν
544 1681 628 1721 ἄρνα
648 1682 840 1720 γαλαθηνὸν
864 1679 945 1721 ὑπὲρ
965 1687 1031 1712 τῶν
1050 1683 1156 1722 ὄχλων
1171 1691 1197 1709 30

219 1743 233 1772 ς
249 1743 281 1767 22
302 1754 334 1762 =
357 1745 368 1766 1
386 1740 453 1774 Reg.
471 1741 519 1767 vn
536 1744 558 1767 6.
