1261 1917
179 67 217 97 17
223 67 240 97 8
545 68 816 93 ΑΡΧΑΙΟΛΟΓῙΑΣ

177 148 417 188 παρελεύσομαι
445 148 483 178 τὰ
513 148 665 188 ὀνόματα.
711 145 795 188 ἦσαν
824 147 854 179 δ’
879 147 1017 186 Ἐθάνος
1044 148 1098 180 καὶ
1127 151 1185 180 Αἰ-

176 200 278 241 μάνος
296 199 350 231 καὶ
366 200 510 237 Χαλκέος
528 200 581 231 καὶ
597 201 783 241 Δάρδανος,
802 201 869 232 υἶοὶ
883 201 1061 242 Ἡμάωνος.
1100 203 1185 243 <44>

175 252 371 290 συνετάξατο
392 251 428 284 δὲ
447 252 500 284 καὶ
521 255 632 294 βιβλία
653 252 753 295 [περὶ]
775 253 869 296 ᾠδῶν
889 253 942 285 καὶ
962 257 1070 295 μελῶν
1089 254 1185 286 πέντε

174 306 256 347 πρὸς
279 311 348 343 τοῖς
370 308 497 346 χιλίοις,
521 305 574 337 καὶ
598 308 796 347 παραβολῶν
817 306 871 337 καὶ
892 308 1029 338 εἰκόνων
1049 309 1185 348 βίβλους

174 360 367 399 τρισχιλίας·
387 357 464 389 καθ’
487 358 622 390 ἕκαστον
642 360 703 399 γὰρ
724 356 811 396 εἶδος
831 359 973 400 δένδρου
992 360 1184 401 παραβολὴν
1199 368 1211 388 5

175 409 275 451 εἶπεν,
299 410 356 452 ἀφ’
378 412 534 442 ὑσσώπου
553 411 613 449 ἕως
632 411 760 453 κέδρου.
807 413 865 443 τὸν
887 412 988 443 αὐτὸν
1008 411 1043 443 δὲ
1063 414 1186 454 τρόπον

175 463 228 494 καὶ
252 462 325 504 περὶ
349 469 478 503 κτηνῶν
501 463 555 494 καὶ
584 469 650 495 τῶν
675 463 703 494 τ’
731 463 883 504 ἐπιγείων
912 464 1065 496 ἁπάντων
1095 464 1184 507 ζῴων

175 515 228 547 καὶ
252 522 318 547 τῶν
342 522 470 556 νηκτῶν
497 515 551 547 καὶ
580 522 646 547 τῶν
675 516 807 557 ἀερίων·
837 517 995 558 οὐδεμίαν
1023 518 1084 558 γὰρ
1111 518 1185 548 τού-

176 581 241 599 των
263 569 366 608 φύσιν
386 568 547 608 ἠγνόησεν
571 567 648 600 οὐδὲ
668 572 840 610 παρῆλθεν
864 569 1086 609 ἀνεξέταστον,
1110 569 1181 601 ἀλλ’

177 621 212 651 ἐν
235 621 354 657 πάσαις
378 620 600 661 ἐφιλοσόφησε
623 621 677 652 καὶ
701 622 761 661 τὴν
786 621 964 662 ἐπιστήμην
988 628 1053 653 τῶν
1073 622 1108 653 ἐν
1128 623 1184 653 αὐ-
1200 632 1225 651 10

176 679 246 710 ταῖς
276 673 462 714 ἰδιωμάτων
491 675 595 714 ἄκραν
624 673 816 712 ἐπεδείξατο.
863 675 956 714 <45>
984 674 1123 716 παρέσχε
1152 674 1182 706 δ’

176 726 263 768 αὐτῷ
283 729 405 766 μαθεῖν
425 726 441 757 ὁ
457 727 536 763 θεὸς
555 726 607 757 καὶ
623 727 683 767 τὴν
701 727 781 758 κατὰ
797 732 862 758 τῶν
882 727 1049 767 δαιμόνων
1068 727 1186 768 τέχνην

177 780 222 815 εἰς
247 778 409 818 ὠφέλειαν
433 778 486 810 καὶ
510 781 692 821 θεραπείαν
720 785 789 816 τοῖς
812 779 1011 821 ἀνθρώποις.
1059 779 1186 823 ἐπῳδάς

177 844 210 862 τε
234 832 475 872 συνταξάμενος
499 828 550 869 αἷς
573 838 805 873 παρηγορεῖται
835 833 873 863 τὰ
902 833 1084 873 νοσήματα,
1112 834 1185 873 τρό-

177 896 259 921 πους
280 884 486 925 ἐξορκώσεων
505 883 686 923 κατέλιπεν,
706 880 755 921 οἷς
775 884 955 925 ε’νδούμενα
974 886 1013 916 τὰ
1033 886 1187 926 δαιμόνια
1202 894 1226 914 15

178 937 221 973 ὡς
240 935 349 977 μηκέτ’
368 936 563 968 ἐπανελθεῖν
579 936 781 968 ἐκδιώκουσι.
819 937 904 977 <46>
924 936 977 968 καὶ
992 938 1073 978 αὕτη
1093 938 1186 979 μέχρι

180 994 240 1020 νῦν
263 988 340 1030 παρ’
369 989 444 1029 ἡμῖν
472 989 491 1029 ἡ
516 991 676 1030 θεραπεία
704 992 858 1021 πλεῖστον
886 991 1002 1030 ἰσχύει·
1032 991 1187 1031 ἱστόρησα

178 1042 239 1083 γάρ
275 1054 348 1073 τινα
379 1041 574 1083 Έλεάζαρονζ
606 1047 671 1073 τῶν
705 1042 897 1082 ὁμοφύλων,
936 1042 1187 1074 Οὐεσπασιανοῦ

178 1096 341 1135 παρόντος
360 1093 413 1125 καὶ
433 1100 498 1125 τῶν
517 1095 601 1125 υἱῶν
621 1094 722 1125 αὐτοῦ
742 1094 795 1125 καὶ
815 1095 993 1136 χιλιάρχων
1012 1094 1065 1126 καὶ
1085 1096 1187 1127 ἄλλου

179 1152 413 1188 στρατιωτικοῦ
437 1148 601 1187 πλήθους,
626 1149 702 1184 τοὺς
725 1148 789 1178 ὑπὸ
813 1153 879 1178 τῶν
904 1148 1085 1188 δαιμονίων
1109 1151 1187 1190 λαμ·
1201 1144 1228 1177 ’20
1248 1170 1250 1178 ,

179 1199 382 1241 βανομένους
410 1199 597 1231 ἀπολύοντα
626 1200 760 1231 τούτων.
812 1201 828 1232 ὁ
858 1199 894 1232 δὲ
922 1205 978 1241 τῆς
1010 1203 1188 1241 θεραπείας

179 1254 298 1294 τρόπος
321 1257 470 1289 τοιοῦτος
493 1250 543 1293 ἦν.
591 1253 684 1293 <47>
709 1252 906 1294 προσφέρων
935 1259 1005 1290 ταῖς
1034 1253 1100 1295 ῥισὶ
1129 1258 1187 1285 τοῦ

180 1305 451 1346 δαιμονιζομένου
470 1306 528 1336 τὸν
548 1306 734 1345 δακτύλιον,
755 1307 869 1346 ἔχοντα
888 1306 951 1337 ὑπὸ
972 1306 1010 1347 τῇ
1029 1307 1188 1347 σφραγῖδι

180 1359 272 1399 ῥίζαν
296 1358 327 1396 ἐξ
353 1356 399 1389 ὧν
418 1358 566 1396 ὑπέδειξε
586 1359 758 1399 Σολομὼν,
782 1357 880 1390 ἔπειτ’
904 1358 1043 1396 ἐξεῖλκεν
1067 1359 1187 1400 ὀσφρο-

180 1410 266 1454 μένῳ
296 1411 351 1442 διὰ
374 1417 440 1442 τῶν
467 1412 641 1452 μυκτήρων
670 1412 705 1442 τὸ
735 1412 923 1452 δαιμόνιον,
950 1411 1003 1442 καὶ
1031 1413 1188 1449 πεσόντος
1203 1402 1245 1440 25·x

181 1463 283 1501 εὐθὺς
306 1464 506 1505 τάνθρώπου
534 1463 643 1505 μηκέτ’
671 1465 717 1501 εἰς
745 1464 846 1495 αὐτὸν
875 1463 1046 1504 ἐπανήξειν
1069 1464 1187 1505 ὥρκου,

180 1518 380 1557 Σολομῶνός
403 1529 437 1547 τε
457 1515 661 1557 μεμνημένος
681 1516 733 1547 καὶ
754 1517 810 1553 τας
830 1516 965 1559 ἐπῳδάς,
990 1516 1027 1553 ἃς
1046 1517 1188 1557 συνέθη-

179 1580 235 1599 κεν
260 1568 392 1608 ἐκεῖνος,
417 1568 584 1608 ἐπιλέγων.
628 1569 713 1609 <48>
732 1570 932 1609 βουλόμενος
952 1567 987 1600 δὲ
1006 1575 1114 1600 πεῖσαι
1134 1568 1187 1600 καὶ

179 1625 383 1661 παραστῆσαι
398 1627 467 1657 τοῖς
481 1621 790 1661 παρατυγχάνουσιν
810 1621 826 1652 ὁ
840 1620 1027 1662 Ἐλεάζαρος
1046 1622 1094 1652 ὅτι
1112 1622 1188 1653 ταύ-

180 1685 239 1713 την
260 1674 323 1714 ἔχει
339 1673 398 1713 τὴν
414 1673 520 1713 ἰσχύν,
540 1672 642 1704 ἐτίθει
662 1675 780 1715 μικρὸν
799 1675 986 1715 ἔμπροσθεν
1003 1675 1071 1714 ἤτοι
1091 1675 1187 1714 ποτή-
1201 1683 1228 1702 30

252 1737 265 1765 ς
287 1737 318 1759 44
340 1746 371 1754 =
393 1737 407 1759 3
427 1733 494 1766 Reg.
516 1733 552 1759 IV
567 1736 613 1765 3-23
634 1734 667 1760 cf.
688 1734 751 1767 Sap.
773 1734 873 1760 Salom.
896 1734 945 1760 ΥΠ
962 1738 1071 1760 17—21.
1242 1734 1244 1746 ¹

1242 1787 1261 1917 L
