1261 1917
497 69 646 94 ΕΒΔΟΜΗ
1017 68 1080 98 145

60 149 197 192 ’Λμεσσᾶ
235 150 344 190 φόνου
386 147 486 181 οὐδὲν
526 153 679 180 τοιοῦτον
717 149 789 189 ἔσχε
828 149 1079 190 παρακάλυμμα.

63 204 171 243 <286>
197 202 391 240 ἀποκτείνας
415 201 451 234 δὲ
476 203 533 234 τὸν
553 201 780 242 συστράτηγον
800 201 915 233 ἐδίωκε
935 203 992 234 τὸν
1014 204 1080 233 Σα-

63 258 174 297 βαῖον,
203 256 390 287 καταλιπὼν
419 255 476 287 ἕνα
504 256 586 295 πρὸς
609 259 653 297 τῷ
677 259 797 297 νεκρῷ,
826 256 908 295 βοᾶν
937 254 1079 287 ἐντειλά-

63 320 160 350 μενος
179 309 261 349 πρὸς
280 309 340 348 τὴν
361 308 517 349 στρατιὰν
537 308 586 339 ὅτι
602 306 763 347 τέθνηκεν
776 306 931 348 Ἀμεσσᾶς
946 308 1080 346 δικαίως

63 360 116 393 καὶ
141 360 209 402 μετ’
232 362 338 398 αἰτίας
362 360 571 401 κολαζούσης,
596 361 626 391 εί
647 358 682 391 δὲ
702 365 855 401 φρονεῖτε
880 360 918 391 τὰ
942 365 1001 392 τοῦ
1023 363 1080 402 βα-

62 413 192 454 σιλέως,
221 413 340 445 ἕπεσθε
365 414 468 445 αὐτοῦ
492 418 536 456 τῷ
561 418 729 456 στρατηγῷ
751 412 871 456 Ἰωάβῳ
895 412 949 444 καὶ
972 412 1079 455 Ἀβεσᾼ

62 469 144 510 σαίῳ
169 472 213 510 τῷ
238 467 358 498 τούτου
382 467 524 509 ἀδελφῷ.
567 467 674 507 <28ῖ>
699 465 852 507 κειμένου
877 465 913 498 δὲ
936 471 996 498 τοῦ
1018 468 1079 499 σώ-

61 532 162 560 ματος
186 519 237 551 ἐπὶ
263 524 320 560 τῆς
344 520 426 551 ὁδοῦ
449 518 503 551 καὶ
527 520 649 557 παντὸς
668 523 727 550 τοῦ
746 520 898 559 πλήθους
919 519 969 551 ἐπ’
991 520 1079 563 αὐτῷ

62 572 275 614 συρρέοντος,
308 572 360 604 καὶ
391 568 444 604 οἷα
478 574 573 614 ὄχλος
601 575 705 613 φιλεῖ,
739 571 926 613 ἐθαύμαζον
958 573 1080 613 ἠλέουν

61 626 330 667 προσιστάμενοι·
355 625 519 666 βαστάσας
544 624 574 656 δ’
597 625 726 656 ἐκεῖθεν
751 625 767 657 ὁ
788 626 896 666 φύλαξ
914 624 969 657 καὶ
988 629 1080 667 κομί-

61 688 120 716 σας
144 682 190 716 εἵς
213 691 244 710 τι
268 681 392 720 χωρίον
417 678 574 711 ἀπωτάτω
598 683 656 719 τῆς
681 678 773 717 ὁδοῦ,
800 680 935 719 τίθησιν
959 679 1078 711 αὐτόθι,

60 731 111 762 καὶ
142 732 298 764 καλύπτει
329 732 455 775 ίματίῳ.
507 732 626 763 τούτου
656 730 836 772 γενομένου
865 736 928 769 πᾶς
956 732 972 764 ὁ
1002 734 1080 770 λαὸς

63 784 268 825 ἠκολούθησε
292 790 336 828 τῷ
359 784 488 828 Ἰωάβῳ.
536 785 643 825 <288>
669 784 822 822 διώξαντι
851 783 882 815 δ’
909 785 997 828 αὐτῷ
1024 786 1078 817 διὰ

60 837 166 877 πάσης
190 843 247 878 τῆς
268 837 478 879 Ἰσραηλιτῶν
501 838 609 878 χώρας
633 838 692 868 τὸν
716 839 882 878 Σαβαῖον,
911 838 1008 878 δηλοῖ
1029 850 1079 876 τις

61 889 96 921 ἐν
121 890 224 933 ὀχυρᾷ
248 892 341 922 πόλει
361 890 538 931 τυγχάνειν
557 890 669 927 αὐτόν,
690 888 889 932 Ἀβελμαχέᾳ
909 890 1078 933 λεγομένῃ.

60 944 326 984 παραγενόμενος
346 942 376 974 δ’
399 942 466 974 ἐκεῖ
487 941 540 974 καὶ
563 947 600 984 τῇ
622 947 758 984 στρατιᾷ
776 944 995 983 περικαθίσας
1018 945 1078 985 τὴν

59 997 172 1036 πόλιν,
200 995 254 1027 καὶ
277 996 454 1037 χαράκωμα
483 994 558 1036 περὶ
583 995 686 1036 αὐτὴν
709 996 908 1037 πηξάμενος,
936 997 1078 1038 ὑπορύτ-

59 1060 128 1080 τειν
152 1047 302 1080 ἐκέλευσε
326 1054 395 1086 τοῖς
420 1049 634 1089 στρατιώταις
662 1049 699 1079 τὰ
724 1050 812 1089 τείχη
839 1048 893 1080 καὶ
917 1051 1078 1091 καταβάλ-

60 1104 130 1133 λειν
154 1102 248 1133 αὐτά·
274 1102 316 1143 μὴ
342 1100 529 1142 δεξαμένων
554 1102 615 1141 γὰρ
640 1101 742 1132 αὐτὸν
766 1107 832 1132 τῶν
857 1101 892 1133 ἐν
916 1107 953 1144 τῇ
973 1104 1077 1143 πόλει,

59 1157 207 1196 χαλεπῶς
229 1156 312 1196 πρὸς
336 1155 458 1192 αὐτοὺς
482 1153 625 1194 διετέθη.
673 1155 789 1194 <239>
819 1155 959 1194 γύναιον
985 1155 1024 1187 δέ
1045 1169 1075 1188 τι

60 1213 197 1247 σῶφρον
228 1207 282 1239 καὶ
316 1209 469 1248 συνετόν,
503 1207 539 1239 ἐν
573 1207 721 1248 ἐσχάτοις
754 1208 816 1248 ἤδη
846 1205 907 1248 τῆν
934 1210 1076 1251 πατρίδα

59 1259 213 1301 κειμένην
237 1261 455 1301 θεασάμενον,
479 1260 607 1301 ἀναβὰν
631 1259 683 1292 ἐπὶ
703 1262 739 1292 τὸ
760 1266 865 1302 τεῖχος
883 1265 1077 1303 προσκαλεῖ-

60 1325 111 1344 ται
141 1313 196 1344 διὰ
230 1318 296 1344 τῶν
324 1313 468 1344 ὁπλιτῶν
496 1314 553 1344 τὸν
580 1312 722 1354 Ἰώαβον.
769 1316 1015 1355 προσελθόντος
1044 1315 1074 1346 δ’

60 1366 178 1406 ἤρξατο
203 1366 312 1406 λέγειν
336 1366 380 1403 ὡς
404 1366 421 1397 ὁ
445 1366 526 1403 θεὸς
549 1367 626 1403 τοὺς
646 1368 792 1407 βασιλεῖς
811 1366 863 1398 καὶ
885 1369 961 1405 τοὺς
981 1376 1077 1409 στρα-

59 1420 180 1458 τηγοὺς
203 1419 416 1456 ἀποδείξειεν..
441 1419 496 1449 ἵνα
520 1420 596 1456 τοὺς
620 1420 797 1460 πολεμίους
821 1421 898 1456 τοὺς
915 1419 1077 1461 Ἑβραίων

61 1471 212 1513 ἐξαιρῶσι
245 1471 297 1503 καὶ
333 1470 521 1513 παρέχωσιν
554 1472 666 1509 αὐτοῖς
699 1473 833 1513 εἰρήνην
866 1471 920 1504 ἀπ’
954 1473 1075 1505 αὐτῶν·

60 1524 112 1556 (σὺ
137 1524 173 1556 δὲ
198 1525 393 1563 σπουδάζεις
418 1525 621 1565 μητρόπολιν
642 1523 852 1565 Ἰσραηλιτῶν
880 1528 1076 1567 καταβαλεῖν

59 1576 112 1609 καὶ
132 1582 300 1619 πορθῆσαι
321 1576 424 1619 μηδὲν
445 1578 713 1619 ἐξαμαρτοῦσαν.’
756 1579 864 1618 <290>
887 1579 904 1610 ὃ
925 1578 955 1610 δ’
978 1580 1075 1611 ἵλεων

60 1629 120 1672 μὲν
144 1632 270 1672 εὔχεται,
296 1632 354 1663 τὸν
376 1632 457 1663 θεὸν
482 1631 569 1674 αὐτῷ
595 1631 773 1672 διαμένειν,
797 1632 895 1669 αὐτὸς
919 1631 949 1663 δ’
972 1632 1076 1670 οὕτως

61 1684 146 1724 ἔχειν
180 1681 270 1715 εἶπεν
298 1684 342 1721 ὡς
370 1683 494 1725 μηδένα
523 1688 581 1715 τοῦ
615 1687 696 1716 λαοῦ
725 1689 900 1725 φονεῦσαι,
934 1685 993 1726 οὐχ
1026 1686 1076 1717 ὅτι

130 1747 144 1776 ξ
165 1747 215 1770 ‘28ss
236 1757 268 1765 =
289 1748 303 1769 2
326 1745 392 1777 Reg.
414 1744 463 1770 XX
480 1748 520 1770 11.

113 1793 238 1812 Iosspavs.
260 1793 291 1812 11.
883 1793 915 1816 10
