1261 1917
537 39 663 64 ΟΓΔΟΗ
1043 37 1061 67 ἶ.)
1072 38 1106 68 19

92 121 131 151 τὰ
164 119 212 151 ἐπ’
245 119 362 156 αὐτοῦ,
395 119 508 156 καθὼς
540 124 697 159 προεῖπεν
726 119 743 151 ὁ
772 121 951 161 προφήτης.
999 119 1107 159 (2:34)

91 173 209 214 μαθὼν
234 171 264 202 δ’
287 171 395 212 ἀληθῆ
421 173 478 203 τὸν
498 172 680 212 ἄνθρωπον
699 170 752 202 καὶ
773 173 872 203 θείαν
892 173 1008 212 ἔχοντα
1027 173 1107 212 πρό-

90 234 229 267 γνωσιν,
257 224 478 266 παρεκάλεσεν
507 224 609 255 αὐτὸν
638 225 799 265 δεηθῆναι
828 229 887 256 τοῦ
916 228 999 255 θεοῦ
1028 224 1107 255 ἀνα-

91 279 276 319 ζωπυρῆσαι
306 278 365 318 τὴν
394 278 505 315 δεξιὰν
530 277 626 320 αὐτῷ.
673 276 726 308 καὶ
752 277 769 308 ὃ
794 275 855 318 μὲν
879 276 1023 308 [κε’τευσε
1048 278 1107 308 τὸν

62 338 74 358 5
89 332 171 363 θεὸν
195 330 282 362 τοῦτ’
310 331 398 374 αὐτῷ
422 336 617 371 παρασχεῖν,
649 330 666 361 ὃ
692 329 727 361 δὲ
752 335 809 371 τῆς
832 331 941 371 χειρὸς
964 331 1001 361 τὸ
1025 331 1106 361 κατὰ

89 385 192 426 φύσιν
225 384 455 425 ἀπολαβούσης
487 385 611 425 χαίρων
646 382 695 414 ἐπ’
727 383 808 424 αὐτῇ
842 384 901 414 τὸν
931 384 1106 424 προφήτην

87 437 262 479 παρεκάλει
301 437 475 477 δειπνῆσαι
508 435 584 477 παρ’
620 436 717 479 αὐτῷ.
773 437 890 476 <235>
922 435 1036 467 Ἰαδὼν
1070 435 1105 467 δ’

88 491 210 531 ἔφησεν
230 490 289 531 οὐχ
309 489 489 531 ὑπομένειν
509 490 674 521 εἰσελθεῖν
694 490 776 531 πρὸς
795 490 908 527 αὐτόν,
933 487 1011 521 οὐδὲ
1032 490 1105 529 γεύ-

88 546 205 575 σεσθαι
225 544 328 585 ἄρτου
347 542 400 574 καὶ
422 542 542 580 ὕδατος
562 542 597 574 ἐν
616 543 718 584 ταύτῃ
737 547 775 584 τῇ
795 544 887 574 πόλει
925 547 1022 574 τοῦτο
1042 543 1104 583 γὰρ

49 604 73 623 10
88 597 174 640 αὐτῷ
203 598 261 628 τὸν
290 597 371 628 θεὸν
399 595 625 637 ἀπειρηκέναι,
655 595 705 627 καὶ
733 596 793 636 τὴν
818 596 899 627 ὁδὸν
923 596 964 636 ἣν
991 593 1104 636 ἦλθεν,

88 651 175 687 ὅπως
208 651 250 691 μη
281 649 324 681 δι’
356 649 457 690 αὐτῆς
484 650 658 689 ποιήσηται
688 650 748 689 την
776 649 993 690 ὑποστροφὴν
1022 649 1105 680 ἀλλὰ

88 702 131 734 δι’
158 704 269 743 ἄλλης,
293 704 423 743 ἔφασκε.
462 707 581 733 τοῦτον
604 700 665 742 μὲν
687 699 748 733 οὖν
770 701 955 743 ἐθαύμαζεν
975 702 992 733 ὁ
1013 704 1105 742 βασι-

88 758 164 793 λεὺς
187 761 244 796 τῆς
268 755 464 796 ἐγκρατείας,
489 755 588 792 αὐτὸς
612 754 641 786 δ’
667 753 706 795 ἧν
730 754 766 786 ἐν
791 756 896 798 φόβῳ,
920 755 1105 796 μεταβολὴν

88 809 190 841 αὑτοῦ
214 814 279 840 τῶν
303 808 503 849 πραγμάτων
527 807 561 839 ἐκ
585 813 651 839 τῶν
674 806 924 849 προειρημένων
945 808 1005 839 οὐκ
1025 808 1103 848 ἀγα-

48 869 72 888 15
88 863 156 902 θην
182 862 343 893 ὑπονοῶν.

151 915 259 955 <236>
290 911 329 954 ἧν
358 913 396 945 δέ
423 926 472 951 τις
501 913 536 944 ἐν
564 918 602 954 τῇ
631 915 723 945 πόλει
748 914 893 954 πονηρὸς
917 915 1102 955 πρεσβύτης

84 968 374 1008 ψευδοπροφήτης,
399 966 438 998 ὃν
463 964 550 1007 εἶχεν
575 966 610 998 ἐν
634 971 709 1008 τιμῇ
730 965 947 1008 Ἱεροβόαμος,
972 967 1100 998 ἀπατώ-

85 1033 182 1063 μενος
206 1019 259 1052 ὑπ’
283 1019 385 1051 αὐτοῦ
405 1020 443 1051 τὰ
463 1021 545 1060 πρὸς
566 1019 690 1059 ἡδονὴν
710 1018 873 1059 λέγοντος.
913 1017 1009 1057 οὗτος
1028 1021 1101 1051 τότε

85 1073 145 1116 μὲν
172 1074 328 1115 κλινήρης
358 1070 398 1113 ἦν
427 1073 481 1104 διὰ
510 1073 570 1112 τὴν
600 1073 662 1104 ὑπὸ
692 1077 751 1104 τοῦ
780 1073 888 1114 γήρως
911 1072 1101 1113 ἀσθένειαν,

45 1134 71 1153 2⁰
85 1133 151 1159 τῶν
175 1125 211 1158 δὲ
234 1127 362 1158 παίδων
387 1126 474 1168 αὐτῷ
499 1125 721 1166 δηλωσάντων
744 1126 783 1156 τὰ
804 1124 878 1166 περὶ
899 1116 958 1157 τοῦ
978 1127 1101 1167 παρόν-

84 1192 140 1218 τος
168 1179 199 1218 ἐξ
224 1178 461 1221 Ἱεροσολύμων
489 1180 663 1220 προφήτου
690 1177 744 1210 καὶ
774 1184 840 1210 τῶν
865 1180 1009 1220 σημείων
1033 1185 1100 1211 τῶν

84 1231 281 1274 γενομένων,
305 1232 413 1272 <237>
437 1231 490 1263 καὶ
514 1232 558 1269 ὡς
577 1235 781 1272 παρεθεῖσαν
800 1232 888 1274 αὐτῷ
908 1222 968 1273 τ’ὴν
988 1232 1100 1271 δεξιὰν

81 1286 284 1328 Ἱεροβόαμος
313 1284 493 1326 εὐξαμένου
517 1285 617 1316 πάλιν
642 1284 770 1316 ἐκείνου
797 1286 903 1322 ζῶσαν
928 1285 1101 1326 ἀπολάβοι,

84 1340 194 1377 δείσας
224 1339 267 1380 μὴ
295 1339 612 1379 παρευδοκιμήσειεν
640 1338 742 1369 αὐτὸν
771 1339 788 1370 ὁ
818 1337 910 1375 ξένος
938 1339 1025 1379 παρὰ
1054 1343 1098 1381 τῷ

44 1399 69 1418 25
84 1395 214 1434 βασιλεῖ
238 1391 289 1423 καὶ
321 1393 474 1428 πλείονος
501 1391 662 1422 ἀπολαύοι
690 1396 798 1432 τιμῆς,
827 1390 1005 1432 προσέταξε
1029 1397 1100 1429 τοῖς

83 1443 197 1477 παισὶν
221 1444 324 1481 εὐθὺς
349 1443 567 1485 ἐπιστρώσασι
592 1444 650 1475 τὸν
674 1445 754 1475 ὄνον
778 1443 910 1484 ἕτοιμον
929 1445 1012 1484 πρὸς
1032 1444 1100 1482 ἔξο-

84 1499 144 1530 δον
167 1498 255 1540 αὐτῷ
279 1497 534 1537 παρασκευάσαι.
573 1497 682 1537 <238>
706 1502 772 1528 τῶν
792 1495 828 1528 δὲ
848 1498 1063 1529 σπευσάντων
1083 1498 1099 1529 ὃ

83 1551 342 1592 προσετάγησαν,
367 1550 482 1591 ἐπιβὰς
506 1549 618 1588 ἐδίωξε
643 1551 701 1581 τὸν
722 1551 907 1591 προφήτην,
931 1549 985 1582 καὶ
1005 1562 1101 1582 κατα-

85 1605 194 1645 λαβὼν
210 1603 463 1645 ἀναπαυόμενον
481 1604 542 1635 ὑπὸ
559 1603 686 1647 δένδρῳ
703 1604 797 1635 δασεῖ
810 1603 864 1635 καὶ
881 1605 977 1635 σκιὰν
993 1605 1099 1645 ἔχοντι

49 1664 76 1684 80
91 1657 190 1698 δρυὸς
214 1656 415 1698 εὐμεγέθους
441 1657 606 1697 ἠσπάσατο
629 1662 771 1697 πρῶτον,
797 1654 854 1688 εἶτ’
877 1656 1038 1698 ἐμέμφετο
1059 1657 1101 1698 μὴ

163 1719 244 1749 §234
265 1730 297 1739 =
317 1720 332 1742 3
353 1717 420 1750 Reg.
440 1716 504 1743 xm
521 1721 543 1743 ε.
