1261 1917
528 72 657 105 οΓΔοΗς
1037 71 1098 102 193

83 153 246 192 τοσαύτην
269 152 432 192 ἀνήγαγες
456 152 567 191 δόξαν,
591 153 699 192 (113)
724 151 831 183 ἔπειθ’
854 151 935 193 ὑπὲρ
957 151 1099 194 ἐμαυτοῦ

82 206 187 238 πάντα
215 204 308 246 μέχρι
333 210 390 245 τῆς
413 206 582 246 παρούσης
612 204 733 246 ἡμέρας
761 205 781 236 ἃ
804 211 963 245 προεῖπας
987 217 1099 237 πεποι-

82 259 184 299 ηκότι,
209 257 327 299 ὃεόμαί
344 269 378 289 τε
397 262 456 289 τοῦ
476 261 593 289 λοιποῦ
613 263 769 299 χορηγεῖν
791 258 851 289 ὅσα
871 261 939 300 θεῷ
959 258 1100 299 δύναμις

82 311 274 352 ἀνθρώποις
302 311 366 342 ὑπὸ
397 315 458 342 σοῦ
486 310 726 352 τετιμημένοις,
755 309 809 341 καὶ
838 311 896 342 τὸν
925 308 1017 342 οἷκον
1042 313 1100 342 τὸν

55 377 67 397 5
82 363 240 406 ἡμέτερον
263 363 376 401 αὔξειν
400 365 447 401 εἰς
470 364 568 403 ἅπαν,
595 364 638 401 ὡς
662 365 944 404 καθωμολόγησας
966 366 1099 405 Δαυίδῃ

81 422 125 460 τῷ
149 419 251 458 πατρί
272 429 337 458 μου
365 416 418 448 καὶ
444 418 539 455 ζῶντι
567 416 621 448 καὶ
650 418 738 458 παρὰ
766 417 827 457 τὴν
851 418 1021 457 τελευτήν,
1045 417 1095 448 ὅτι

80 469 157 511 παρ’
179 470 259 511 ἡμῖν
281 470 300 510 ἡ
321 471 471 511 βασιλεία
491 476 585 511 μενεῖ
601 469 655 501 καὶ
675 471 711 502 τὸ
732 469 861 502 ἐκείνου
881 469 976 510 γένος
996 470 1099 510 αὐτὴν

82 523 252 564 διαδοχαῖς
276 523 407 564 ἀμείψει
427 525 569 565 μυρίαις.
615 522 705 555 ταῦτ’
729 521 790 555 οὗν
809 523 888 564 ἡμῖν
909 523 1099 564 ἐπάρκεσον,

80 575 135 608 καὶ
163 575 256 608 παισὶ
284 581 354 614 τοῖς
383 576 473 618 ἐμοῖς
502 576 622 618 ἀρετὴν
650 574 670 618 ᾗ
699 578 739 608 σὺ
768 579 892 618 χαίρεις
920 581 1099 618 παρασχοῦ.

42 641 67 662 10
81 630 188 670 <114>
218 630 301 671 πρὸς
329 628 366 661 δὲ
394 630 524 667 τούτοις
553 630 686 661 ι’κετεύω
715 629 769 661 καὶ
798 630 918 671 μοῖράν
942 642 1016 661 τινα
1041 634 1100 661 τοῦ

82 688 143 714 σοῦ
166 684 353 724 πνεύματος
377 684 424 720 εἰς
447 684 505 714 τὸν
531 684 612 714 ναὸν
637 683 816 721 ἀποικίσαι,
841 683 885 720 ὡς
908 683 950 714 ἂν
973 682 1027 714 καὶ
1048 682 1096 714 ἐπὶ

82 740 142 776 γῆς
165 736 245 777 ἡμῖν
269 734 354 767 εἶναι
379 737 486 777 δοκῇς.
534 735 586 767 σοὶ
610 735 671 777 μὲν
691 737 752 777 γὰρ
772 737 890 777 μικρὸν
910 737 1099 777 οἰκητήριον

81 788 135 820 καὶ
160 790 197 820 τὸ
219 793 285 821 πᾶν
304 789 450 830 οὐρανοῦ
470 788 524 820 καὶ
544 795 610 820 τῶν
628 790 708 821 κατὰ
728 793 847 821 τοῦτον
867 791 973 821 ὄντων
991 790 1098 826 κύτος,

82 842 142 883 οὐχ
172 843 221 874 ὅτι
250 854 286 882 γε
315 840 412 880 οὗτος
440 842 457 874 ὁ
486 843 595 883 τυχὼν
623 843 715 879 ναός·
748 842 830 873 ἀλλὰ
860 842 1039 882 φυλάττειν
1068 841 1096 873 τ’

42 907 67 926 15
83 895 275 936 ἀπόρθητον
295 895 330 926 ἐκ
344 896 511 936 πολεμίων
530 895 574 932 ὡς
590 895 678 926 ἴδιον
698 895 745 932 εἰς
764 895 851 926 ἅπαν
870 893 924 926 καὶ
941 901 1099 936 προνοεῖν

81 949 126 986 ὡς
149 949 273 979 οἰκείου
297 948 458 989 κτήματος
480 950 667 989 παρακαλῶ.
715 948 824 988 (115)
853 947 914 979 κᾶν
943 948 1098 989 ἁμαρτών

80 1012 158 1033 ποτε
187 1001 204 1033 ὁ
232 1002 311 1038 λαὸς
338 1001 434 1042 τύχῃ,
469 1002 578 1032 ἔπειτα
606 1004 713 1042 πληγῇ
742 999 808 1032 τινὶ
836 1006 923 1044 κακῷ
955 1002 1010 1033 διὰ
1038 1002 1098 1042 τὴν

81 1055 243 1096 ἁμαρτίαν
272 1054 306 1085 ἐκ
335 1058 412 1094 σοῦ,
440 1059 500 1095 γῆς
528 1054 672 1097 ἀκαρπίᾳ
700 1053 753 1086 καὶ
778 1058 893 1097 φθορᾷ
922 1057 1053 1096 λοιμικῇ
1078 1055 1097 1095 ἥ

80 1119 146 1139 τινι
170 1108 298 1139 τούτων
322 1113 388 1139 τῶν
412 1108 619 1148 παθημάτων
647 1103 697 1145 οἷς
721 1109 762 1138 σὺ
786 1109 864 1145 τοὺς
886 1108 1098 1149 παραβάντας

41 1171 67 1191 20
81 1172 111 1192 τι
135 1166 202 1192 τῶν
226 1161 328 1192 ὁσίων
351 1160 508 1202 μετέρχει,
531 1159 583 1192 καὶ
609 1161 800 1202 καταφεύγῃ
819 1165 882 1198 πᾶς
900 1160 1098 1203 ἀθροισθεὶς

82 1212 131 1245 ἐπὶ
158 1214 216 1245 τὸν
240 1215 322 1245 ναὸν
347 1214 502 1245 ἱκετεύων
521 1223 556 1245 σε
580 1212 635 1245 καὶ
655 1217 807 1254 σωθῆναι
832 1215 998 1255 δεόμενος,
1023 1213 1097 1254 ε’πηᾋ

81 1279 157 1304 κοος
181 1266 283 1298 αὐτοῦ
308 1268 484 1308 γενόμενος
512 1267 556 1304 ὡς
585 1268 683 1298 ἔνδον
712 1267 759 1298 ὢν
783 1267 926 1307 ἐλεήσεις
953 1266 1007 1299 καὶ
1031 1273 1097 1299 τῶν

81 1326 264 1361 συμφορῶν
283 1319 487 1358 ἀπαλλάξεις.
534 1322 643 1361 <116>
662 1321 785 1361 ταύτην
805 1320 834 1351 δ’
858 1321 917 1361 οὐχ
933 1320 1097 1361 Ἑβραίοις

81 1375 185 1414 μόνον
210 1372 325 1414 δεόμαι
348 1374 436 1414 παρὰ
461 1377 521 1404 σοῦ
540 1374 600 1414 τὴν
619 1374 781 1414 βοήθειαν
801 1372 886 1405 εἶναι
908 1377 1096 1415 σφαλεῖσιν·

41 1435 66 1455 25
81 1425 163 1458 ἀλλὰ
187 1426 249 1457 κᾶν
273 1426 336 1457 ἀπὸ
360 1426 512 1467 περάτων
535 1431 592 1467 τῆς
617 1426 812 1467 οἰκουμένης
839 1425 926 1464 τινὲς
952 1427 1097 1468 ἀφίκων-

80 1492 148 1519 ται,
178 1479 240 1510 κᾶν
269 1479 565 1520 ὁποθενδηποτοῦν
592 1481 873 1522 προστρεπόμενοι
902 1479 953 1511 καὶ
985 1486 1097 1521 τυχεῖν

79 1534 170 1570 τινὸς
193 1532 325 1572 ἀγαθοῦ
351 1535 583 1573 λιπαροῦντες,
612 1533 669 1570 δὸς
697 1532 810 1570 αὐτοῖς
839 1532 976 1573 ἐπήκοος
1005 1535 1096 1573 γενό-

80 1597 185 1626 μενος.
237 1586 353 1626 <117>
382 1585 468 1617 οὕτω
498 1586 559 1627 γὰρ
588 1585 629 1617 ἂν
658 1585 800 1627 μάθοιεν
828 1585 948 1623 πάντες
975 1586 1025 1617 ὅτι
1055 1588 1095 1617 σὺ

81 1637 140 1678 μὲν
164 1638 262 1676 αὐτὸς
286 1638 473 1680 ἐβουλήθης
500 1637 576 1680 παρ’
606 1639 682 1680 ἡμῖν
710 1640 1022 1679 κατασκευασθῆναί
1043 1648 1091 1670 σοι

39 1699 66 1718 ³0
80 1692 138 1723 τὸν
161 1690 264 1732 οἷκον,
288 1691 380 1733 ἡμεῖς
404 1691 433 1723 δ’
457 1692 517 1723 οὐκ
541 1692 760 1734 ἀπάνθρωποι
784 1692 844 1733 τὴν
863 1693 967 1733 φύσιν
987 1692 1095 1733 ἐσμέν,

151 1755 165 1783 ἓ
183 1755 232 1778 113
254 1765 286 1774 =
305 1756 320 1778 3
337 1753 405 1786 Reg.
421 1752 484 1778 VIII
501 1756 547 1784 243
568 1756 582 1778 2
598 1753 689 1779 Paral.
705 1753 743 1779 VI
760 1756 799 1779 15.

134 1801 259 1821 Ioszpuvs.
279 1802 310 1821 II.
900 1800 932 1822 13
