1261 1917
524 44 670 69 AEKATH
1038 43 1101 74 321

86 123 237 166 ἀντέχειν
269 125 408 156 πείθετε.
461 125 491 155 εἰ
523 122 558 156 δὲ
591 128 747 166 θαρρεῖτε
780 123 833 156 καὶ
867 125 926 165 τὴν
960 125 1105 165 δύναμιν

86 177 180 219 ἡμῶν
195 177 386 209 ἀπώσεσθαι
401 179 557 218 νομίζετε,
575 178 757 219 δισχιλίους
772 177 806 209 ἐκ
821 183 879 219 τῆς
894 177 964 219 ἐμοὶ
980 179 1103 219 παρού-

87 239 146 270 σης
169 231 272 262 ἵππου
295 231 424 272 ἕτοιμός
448 231 513 271 εἰμι
537 230 618 271 ὑμῖν
640 230 806 272 παρέχειν,
830 227 880 268 οἷς
904 232 1104 272 ἰσαρίθμους

87 283 243 325 ἐπιβάτας
267 284 382 321 δόντες
405 283 606 324 ἐμφανίσατε
629 284 690 324 τὴν
709 284 818 316 αὑτῶν
839 285 991 325 δύναμιν.
1029 283 1100 316 ἀλλ’

87 336 147 368 οὐκ
157 337 198 368 ἂν
210 337 268 374 οὕς
278 348 313 377 γε
326 337 368 377 μὴ
381 338 476 377 ἔχετε,
491 337 630 374 τούτους
645 337 763 377 δοίητε.
787 337 873 378 <10>
881 339 916 368 τί
925 342 1104 378 τοιγαροῦν

87 390 267 430 βραδύνετε
285 390 506 430 παραδιδόναι
527 394 613 430 σφᾶς
635 389 756 427 αὐτοὺς
774 395 843 427 τοῖς
862 392 1024 431 κρείττοσι
1048 389 1102 421 καὶ

86 442 286 483 ληψομένοις
309 443 393 484 ὑμᾶς
412 442 465 473 καὶ
486 443 528 483 μὴ
548 441 723 480 θέλοντας;
746 444 852 474 καίτοι
874 444 910 474 τὸ
931 441 991 484 μὲν
1011 442 1103 475 ἑκού-

86 504 160 527 σιον
175 500 232 536 τῆς
246 496 459 536 παραδόσεως
474 493 619 536 ἀσφαλὲς
634 496 724 536 ὑμῖν,
738 497 775 527 τὸ
791 495 820 527 δ’
834 496 992 528 ἀκούσιον
1007 499 1103 528 πολε-

86 548 264 589 μουμένοις
283 548 497 580 ἐπικίνδυνον
517 548 569 580 καὶ
590 555 773 590 συμφορῶν
797 552 905 581 αἴτιον
926 549 1102 590 φανεῖται.’

152 603 238 642 <11>
262 601 352 633 ταῦτ’
375 601 575 639 ἀκούσαντες
598 602 616 633 ὅ
639 613 673 633 τε
698 602 801 643 δῆμος
824 601 878 633 καὶ
899 603 933 634 οἵ
949 602 1102 644 πρέσβεις
1123 615 1128 620 “

84 658 144 685 τοῦ
178 659 363 695 στρατηγοῦ
396 660 462 686 τῶν
492 653 675 695 Ἀσσυρίων
713 654 867 694 λέγοντος
900 655 1103 696 ἀπήγγειλαν

82 706 213 750 Ἐζεκίᾳ.
251 707 268 739 ὃ
285 706 320 739 δὲ
335 708 418 748 πρὸς
432 712 534 738 ταῦτα
554 708 614 748 τὴν
634 708 808 748 βασιλικὴν
828 708 953 746 ἀποδὺς
967 708 1102 749 ἐσθῆτα,

84 760 334 802 ἀμφιασάμενος
364 759 400 791 δὲ
425 761 566 798 σάκκους
589 759 643 792 καὶ
668 765 774 802 σχῆμα
798 762 955 793 ταπεινὸν
982 761 1103 793 ἀναλα-

85 814 169 854 βών,
195 819 239 856 τῷ
262 815 388 857 πατρίῳ
412 816 502 856 νόμῳ
527 814 637 845 πεσὼν
661 813 712 845 ἐπὶ
737 815 914 855 πρόσωπον
938 815 996 846 τὸν
1018 816 1104 846 θεὸν

59 876 67 880 ·
86 865 220 906 [κε’τευε,
239 865 292 897 καὶ
313 869 479 907 βοηθῆσαι
499 871 543 909 τῷ
562 867 725 907 μηδεμίαν
740 867 844 907 ἄλλην
861 866 978 898 ἐλπίδα
993 869 1102 909 ἔχοντι

85 921 247 960 σωτηρίας
272 919 446 960 ἠντιβόλει.
493 920 580 959 <12>
603 919 732 961 πέμψας
760 917 796 951 δὲ
824 919 878 951 καὶ
902 926 970 952 τῶν
993 922 1103 961 φίλων

83 973 176 1010 τινας
195 971 248 1003 καὶ
268 978 334 1003 τῶν
351 971 466 1013 ιἐρέων
484 973 567 1013 πρὸς
579 971 718 1004 Ἡσαΐαν
736 974 795 1004 τὸν
814 974 988 1014 προφήτην
1007 973 1102 1014 ἠξίου

84 1025 247 1066 δεηθῆναι
271 1030 330 1057 τοῦ
354 1029 448 1065 θεοῦ,
471 1025 525 1057 καὶ
549 1026 772 1067 ποιησάμενον
791 1028 915 1063 θυσίας
937 1026 1020 1068 ὑπὲρ
1045 1032 1103 1068 τῆς

84 1083 197 1119 κοινῆς
221 1080 384 1119 σωτηρίας
404 1081 607 1119 παρακαλεῖν
631 1079 733 1110 αὐτὸν
754 1084 931 1120 ’νεμεσῆσαι
951 1078 1012 1121 μὲν
1031 1087 1103 1118 ταῖς

84 1137 151 1162 τῶν
179 1133 345 1172 πολεμίων
375 1131 518 1171 ἐλπίσιν,
552 1131 682 1172 ἐλεῆσαι
717 1130 753 1163 δὲ
785 1133 844 1163 τὸν
877 1132 980 1164 αὑτοῦ
1011 1135 1102 1165 λαόν.

84 1185 180 1224 <13>
213 1184 229 1215 ὁ
262 1183 298 1215 δὲ
328 1185 499 1225 προφήτης
527 1189 629 1216 ταῦτα
657 1186 810 1225 ποιήσας,
841 1187 1103 1227 χρηματίσαντος

85 1237 173 1279 αὐτῷ
197 1242 256 1268 τοῦ
279 1240 377 1277 θεοῦ,
405 1237 661 1279 παρεθάρρυνεν
689 1238 790 1269 αὐτόν
818 1250 852 1269 τε
880 1239 939 1269 τὸν
965 1238 1102 1280 βασιλέα

84 1289 138 1321 καὶ
163 1291 240 1327 τοὺς
267 1289 341 1331 περὶ
366 1290 467 1322 αὐτὸν
496 1293 630 1331 φίλους,
658 1290 830 1332 προλέγων
859 1290 998 1332 ἀμαχητὶ
1025 1294 1102 1329 τοὺς

84 1345 262 1384 πολεμίους
290 1342 492 1383 ἡττηθέντας
520 1344 746 1385 ἀναχωρήσειν
775 1346 917 1385 αἰσχρῶς
944 1343 999 1375 καὶ
1028 1344 1100 1386 οὐχὶ

59 1404 67 1409 ’
85 1395 159 1437 μεθ’
183 1397 257 1427 οἴου
283 1401 345 1427 νῦν
369 1395 431 1427 εἰσὶ
456 1397 618 1437 θράσους·
643 1398 730 1437 <14>
754 1398 812 1428 τὸν
836 1398 898 1438 γὰρ
918 1398 1001 1429 θεὸν
1022 1409 1102 1439 προ-

84 1455 176 1480 νοεῖν
204 1449 292 1486 ὅπως
320 1450 543 1490 διαφθαρῶσι.
594 1449 645 1481 καὶ
679 1450 781 1481 αὐτὸν
812 1448 848 1481 δὲ
878 1451 936 1482 τὸν
964 1450 1102 1491 βασιλέα

83 1503 142 1533 τὸν
165 1508 232 1533 τῶν
250 1501 434 1543 Ἀσσυρίων
454 1504 685 1544 Σεναχήριβον
709 1504 931 1544 διαμαρτόντα
955 1509 1022 1535 τῶν
1047 1503 1099 1536 ε’πὶ

84 1555 144 1595 τὴν
168 1558 340 1595 Αἴγυπτον
363 1556 565 1596 πραγμάτων
593 1555 646 1587 καὶ
675 1555 938 1597 ἐπανερχόμενον
967 1558 1013 1594 εἰς
1041 1557 1102 1597 τὴν

85 1609 210 1640 οἰκείαν
234 1608 431 1640 ἀπολεῖσθαι
457 1609 580 1652 σιδήρῳ
605 1610 796 1650 προύλεγεν.

156 1680 170 1709 ξ
186 1680 201 1703 9
222 1690 255 1699 =
275 1681 290 1703 4
307 1678 373 1711 Reg.
391 1678 479 1703 XVIII
496 1681 540 1709 2&
562 1678 612 1704 Ies.
634 1678 749 1704 XXXVI
765 1682 789 1705 8.
863 1682 878 1711 ξ
896 1682 926 1704 11
948 1692 980 1700 =
1000 1681 1016 1704 4
1032 1679 1101 1712 Reg.

86 1721 149 1747 ΧῘΧ
167 1724 193 1753 1;
213 1722 264 1748 Ios,
280 1722 408 1748 XXXVII
427 1726 448 1750 1.

138 1771 265 1790 ΙοεΕΡΗυε.
288 1771 318 1790 11.
906 1770 938 1793 ‘31
