1281 1947
380 80 590 108 ADNOTATIO
611 80 761 108 CRITICA.
1015 81 1078 107 XXI

64 160 170 196 μεγέθη
195 160 319 187 σκαπτόν
339 160 434 187 ROM.
460 175 491 179 —
517 163 532 192 5
553 163 604 186 140
623 160 811 196 ἀναβαθμούς
833 160 925 193 MSP,
951 161 1079 196 βαθμούς

64 204 124 232 RO.
145 221 177 224 —
197 207 212 237 ξ
233 208 282 232 140
302 202 447 238 ἐκατέρου·
476 202 570 238 ἑτέρου
595 205 631 231 Μ.
657 220 689 224 -
713 208 727 237 ἓ
748 208 798 231 144
819 204 996 238 Ἑλληνικήν·
1018 204 1080 231 Ἑλ-

63 249 135 276 λάδα
155 248 185 275 Ε.
219 249 366 275 Menandri
386 249 462 275 locus
482 249 618 282 repetitus
639 251 682 275 est
701 258 723 275 c.
739 249 838 282 Apion.
854 249 865 274 1
884 253 923 275 18.
944 265 976 268 —
997 252 1011 281 ξ
1029 252 1079 275 144

64 293 114 327 τὴν
135 294 277 329 βασιλείαν
293 302 315 320 c.
331 293 431 327 Apion.
452 293 516 320 add.
531 292 600 326 παρ’
622 294 708 319 αὐτοῦ
728 293 807 320 codd.
823 293 938 327 Antiqq.
953 310 987 312 —
1002 296 1016 325 ξ
1030 297 1078 320 145

63 337 113 369 εἰς·
134 337 250 372 κέδρινα
270 337 338 370 ξύλα
359 336 397 368 εἰς
416 346 437 363 e.
458 337 558 371 Apion.
580 353 611 356 —
632 341 646 369 ξ
664 341 712 363 146
732 337 800 371 ὕλην
820 337 909 370 ξύλων
930 338 1077 364 ἀπελθών·

63 390 99 408 an
119 382 255 408 ἄπλετονῖ
279 381 326 408 Nr.
352 397 384 401 —
409 385 423 413 ἓ
446 385 494 407 146
515 382 563 407 καὶ
587 381 669 408 ναόν·
696 382 780 407 καινά
801 381 848 408 Ns.
869 398 904 401 —
924 385 938 414 ξ
960 385 1009 408 146
1030 386 1078 408 τοῦ

60 425 228 460 Ἡρακλέους
243 442 277 445 -
292 427 370 460 μηνί·
392 427 452 452 τότε
473 430 521 452 τοῦ
542 425 694 459 ἡρακλέους
713 426 761 452 καὶ
780 430 828 459 τῆς
846 426 984 459 ἀστάρτης
1002 425 1080 460 τέμε-

63 480 110 500 νος
129 469 290 504 ἁνιέρευσεν
314 470 361 496 καὶ
381 470 411 496 τὸ
431 470 482 504 μὲν
502 474 550 496 τοῦ
572 469 722 503 ἡρακλέους
745 474 854 504 πρῶτον
879 468 1029 503 ἐποιήσατο
1049 468 1080 496 ἕν

63 519 99 541 τῶ
118 515 230 548 περιτίω
251 514 317 548 μηνὶ
337 513 396 540 εἶτα
420 514 450 540 τὸ
470 517 517 547 τῆς
539 513 676 547 ἁστάρτης
695 522 716 539 c.
736 513 834 547 Apion.
860 530 891 533 —
917 517 931 546 ξ
954 517 1003 540 146
1022 518 1080 544 τοῖς

62 568 103 585 τε·
124 558 206 585 ὁπότε
227 567 248 585 c.
260 558 359 592 Apion.
375 575 409 579 -
424 561 438 590 ξ
456 561 505 584 146
519 557 663 588 Ἰτυκαίοις
675 558 858 589 Gutschmid.,
876 559 1003 592 ηὐκαιόις
1017 558 1078 584 RO.

63 618 96 622 —
116 605 130 634 ¹5
146 606 196 629 146
217 603 264 629 καὶ
285 601 435 634 ὑποτάξας·
462 602 510 632 οὓς
533 602 581 628 καὶ
605 602 745 634 ὑποτάξας
768 610 790 628 c.
809 601 909 636 Apion.
938 618 970 622 —
997 606 1011 634 ξ
1030 606 1079 629 146

63 646 134 672 λύων
150 646 213 672 add.
230 646 330 672 Euseb.
347 662 378 665 —
396 649 409 678 ξ
423 649 472 672 147
488 646 535 671 Dii
554 646 631 672 locus
646 645 783 679 repebitus
799 648 842 672 est
860 654 881 671 c.
897 646 997 680 Apion.
1014 647 1078 674 117.

63 705 96 710 —
116 693 130 722 ξ
148 693 195 716 147
217 689 249 716 ὃν
269 688 300 716 ἐν
321 690 393 725 νήσῳ
417 690 480 716 add.
507 699 529 717 c,
548 689 648 723 Apion.
673 705 705 709 --
730 693 744 722 ἓ
762 693 810 716 147
832 687 964 723 ἐγχώσας·
989 691 1080 724 χώσας

64 743 86 760 c.
97 734 196 767 Apion.
215 750 243 753 —
261 737 275 766 ξ
288 737 336 760 147
355 733 448 768 ἴερῶν·
467 738 543 760 ναῶν
558 743 580 760 e.
592 733 692 767 Apion.
708 750 742 753 —
758 737 772 766 ἓ
785 737 835 760 148
851 735 925 767 φασί
937 743 958 760 e.
969 734 1078 768 Apion⁴⁷

65 779 137 812 φησί
153 778 207 812 vlg.
229 794 260 797 —
281 781 295 810 ξ
312 781 361 805 148
382 778 472 804 λύσιν·
493 778 557 805 add.
573 778 634 804 Ro.
655 794 687 797 —
708 781 722 810 ξ
741 781 789 804 148
809 779 907 810 ἀξιοῦν
928 787 949 804 c.
968 778 1079 811 Apion,

63 823 197 855 ἀξιοῦντα
217 823 281 856 vlg,
301 823 415 855 ἀξιῶσιν
434 823 470 848 M.
490 838 525 842 ——-
544 826 558 854 ἓ
576 826 624 849 149
645 825 737 848 λῦσαι·
763 824 893 848 διαλῦσαι
913 822 1024 848 SPLV.
1044 838 1077 841 —

62 870 76 899 §
94 870 143 893 150
163 867 298 900 τάξίωμα·
319 867 477 900 τάξιώματα
492 866 553 894 RO.
569 881 601 885 —-
618 869 632 898 ξ
650 869 699 892 150
719 866 959 900 προσεπεσκεύασε
975 866 1077 899 EZon.‚

63 911 300 945 προσεπεσκεύαζε
311 910 366 944 vlg.
383 926 415 929 —
431 914 445 942 5
463 914 512 936 153
529 907 689 943 ἐνδρόσους·
707 910 873 943 εὐδρόσουςὶ)
888 911 936 937 Nr.
951 927 986 930 —
1001 914 1014 943 ἓ
1028 914 1077 937 153

63 955 130 982 ὁδόν
149 963 202 981 om.
218 954 278 981 ΒΟ.
296 971 326 974 -
342 958 357 986 ξ
375 958 423 981 154
439 955 614 989 ἀπῳκίσθαι·
635 955 807 981 ἀποκεῖσθαι
817 955 936 981 ROLV.
952 971 985 974 -
1001 958 1015 987 ξ
1029 958 1078 981 154

63 999 187 1033 οὐδαμοῦ
211 998 252 1031 M,
281 999 410 1032 μηδαμοῦ
439 998 498 1025 rell.
528 1014 560 1018 —
587 1001 602 1030 ἓ
622 1002 672 1025 155
695 998 754 1033 μετ’
781 999 893 1029 αὐτούς·
924 1000 993 1033 μετὰ
1022 1003 1078 1030 τοῖς

62 1043 179 1076 MSPV,
195 1041 257 1068 κατ’
275 1042 376 1072 αὐτούς
390 1042 438 1068 Ns.
450 1058 482 1061 —
498 1045 512 1074 ξ
530 1046 579 1068 155
595 1046 652 1073 τοῖς
666 1044 769 1076 μεταξὺ
785 1043 906 1077 χρόνοις·
923 1046 959 1078 τῷ
975 1044 1077 1077 μεταξὺ

62 1087 178 1121 χρόνους
198 1087 250 1113 SP.
271 1103 304 1106 -
324 1089 338 1119 ξ
356 1090 405 1113 155
425 1085 466 1112 ὅτι
488 1087 607 1120 Φαραών
627 1087 685 1120 Ns,
705 1087 719 1113 ὁ
742 1088 843 1121 Φαραώ
863 1087 918 1121 vlg.
941 1103 970 1106 —
993 1090 1007 1119 ξ
1028 1090 1077 1113 156

63 1134 211 1165 σημαῖνον·
238 1131 443 1165 σημαινόμενον
462 1130 524 1157 RO.
545 1147 576 1150 —
598 1135 611 1163 5
630 1134 678 1157 157
698 1131 833 1165 θεμένης·
858 1133 1007 1165 τιθεμένης
1025 1131 1076 1157 Bk.

63 1190 96 1194 ——
116 1178 130 1207 ξ
148 1178 197 1201 158
218 1176 369 1201 Νίκαυλιν·
396 1175 498 1201 djcitur
518 1176 657 1209 Νίτωκρις
678 1175 793 1201 Herodt.
813 1176 837 1201 II
855 1179 912 1202 100.
938 1191 970 1195 —-
995 1179 1009 1208 ξ
1028 1179 1077 1201 158

63 1219 166 1252 δηλῶν·
187 1220 272 1252 δῆλον
292 1219 467 1246 ROMSLV.
489 1235 520 1238 —
542 1222 556 1251 ξ
573 1223 623 1246 158
644 1220 690 1246 καὶ
712 1219 772 1246 διά·
798 1220 846 1245 διά
865 1219 913 1246 Ns.
940 1236 969 1239 —
996 1223 1010 1252 ξ
1028 1223 1077 1246 159

63 1262 263 1296 ὁμολογοῦντα·
284 1263 486 1296 ὁμοφωνοῦντα
506 1263 616 1289 SPLV.
633 1279 663 1282 ——
681 1266 696 1296 ξ
714 1266 763 1290 160
783 1263 835 1290 ἔτι·
856 1264 912 1290 ἀπό
932 1264 1076 1290 MSPLV.

64 1322 97 1325 —
117 1310 131 1338 ξ
149 1309 198 1333 160
218 1307 279 1340 οὐχ·
300 1307 337 1340 μή
352 1307 382 1333 E.
404 1322 434 1326 —
455 1310 470 1339 ξ
487 1310 536 1334 160
557 1307 659 1341 φόρον·
680 1307 784 1341 φόρους
801 1308 832 1334 Ε.
850 1324 879 1327 -
897 1312 910 1340 ἓ
928 1311 977 1335 160
992 1317 1077 1342 προσ-

63 1349 190 1382 επέταξε·
215 1349 312 1382 ἔταξεν
332 1351 362 1377 Ε.
388 1366 420 1370 -
445 1354 460 1382 ἓ
477 1354 526 1377 160
547 1349 702 1385 ἐπελέγετο·
728 1349 865 1385 ἐξελέγετο
885 1352 921 1378 M.
941 1368 976 1371 —
995 1355 1010 1384 ξ
1028 1355 1075 1378 161

63 1394 175 1424 αὐτούς·
197 1391 322 1425 ἐκείνους
336 1394 372 1427 Μ,
394 1393 408 1427 ἦ
428 1392 552 1425 ἐκείνους
567 1395 676 1421 SPLV.
691 1411 725 1414 —
741 1399 755 1427 ξ
773 1399 821 1422 162
839 1393 885 1429 ἔφ’
907 1395 940 1426 ἃς
959 1397 1007 1422 ἀεί
1019 1396 1076 1429 Nix,

63 1436 110 1472 ἐφ’
133 1438 165 1469 ἃς
188 1439 223 1464 ἄν
242 1439 298 1472 vlg.
324 1454 355 1458 —
381 1442 395 1471 ἓ
413 1442 462 1465 163
483 1440 514 1465 οὐ
539 1439 645 1473 πόρρω·
671 1439 734 1466 add.
759 1443 807 1472 τῆς
825 1440 921 1467 Krebs.
942 1456 977 1460 —-
996 1444 1009 1473 ξ
1027 1444 1076 1467 163

62 1482 181 1517 Αἰλανῆς
195 1482 328 1515 Hudson.‚
344 1481 469 1513 Ἰλάνεως
479 1482 540 1510 RO.
552 1499 583 1502 -
596 1486 611 1515 ξ
628 1486 677 1509 163
690 1482 846 1509 Ἰουδαίων4
863 1483 1028 1518 Ἰδουμαίων
1039 1484 1075 1510 Μ.

63 1542 95 1546 —-
115 1530 196 1559 §165
215 1527 265 1560 τὴν
284 1527 315 1553 δὲ
335 1530 394 1560 τῆς·
420 1531 468 1560 τῆς
487 1526 517 1553 δὲ
538 1531 587 1561 γῆς
605 1527 667 1560 RO,
691 1527 741 1561 τὴν
761 1528 792 1554 δὲ
812 1532 862 1562 γῆς
881 1528 911 1554 Ε.
935 1544 971 1547 -
995 1531 1009 1560 ἓ
1026 1532 1075 1555 165

64 1568 93 1597 ἔκ
112 1575 166 1597 τῶν
185 1571 240 1604 Ns,
260 1571 308 1597 καὶ
327 1575 381 1597 τῶν
400 1571 456 1605 vlg.
475 1587 510 1590 —
531 1574 544 1603 ἓ
562 1575 610 1598 166
630 1576 806 1606 μεταπεῖσαι·
828 1576 1010 1606 μεταπεσεῐνὶ)
1027 1573 1074 1599 Nr.

62 1630 96 1635 ·—
110 1621 124 1649 ξ
142 1618 192 1642 166
207 1615 324 1649 μάλιστα
339 1615 392 1648 SP,
408 1615 525 1649 μάλιστα
540 1617 593 1642 καί
604 1616 673 1649 rell„
689 1616 736 1642 καὶ
751 1616 868 1650 μάλιστα
883 1617 929 1643 Ns.
948 1632 981 1636 —
996 1620 1010 1649 ἓ
1026 1620 1075 1643 166

63 1660 208 1693 δεηθεῖσα·
230 1660 400 1694 βουληθεῖσα
419 1660 485 1686 Exc.
500 1660 618 1687 Peiresc.
639 1676 671 1680 —
693 1664 707 1693 ξ
724 1664 773 1687 167
794 1662 876 1687 λίθου
896 1663 1074 1691 πολυτελοῦς·

62 1705 150 1730 λίθων
169 1706 324 1730 πολυτελῶν
339 1704 400 1737 EO,
422 1704 455 1731 cf.
472 1708 485 1737 ἓ
502 1707 552 1731 174
567 1706 596 1731 et
612 1709 669 1732 176.
687 1721 719 1724 —
735 1708 749 1738 ξ
767 1709 815 1732 167
834 1707 952 1732 θᾶττον·
974 1703 1075 1732 ἑαυτοῦ

61 1747 122 1774 RO.
152 1764 184 1768 —
213 1751 227 1780 ξ
249 1751 298 1775 168
323 1747 507 1782 ἀκουομένης·
535 1749 621 1783 ἀκοῆς
645 1750 675 1778 Ε,
707 1766 738 1770 -
769 1753 782 1782 ἓ
806 1754 855 1776 165
879 1751 977 1785 ταύτῃ·
1005 1751 1074 1784 αὐτῇ
