1261 1917
72 598 95 617 10

72 862 96 880 15

71 1124 96 1143 20

555 33 675 58 ENATH
1055 31 1116 63 301

107 111 358 154 ἐπιβουλευθεὶς
376 113 440 144 ὑπὸ
461 118 528 144 τῶν
547 114 655 153 φίλων
674 113 789 153 φεύγει
810 110 870 153 μὲν
889 113 936 149 εἰς
953 112 1120 153 Λάχεισαν

106 166 219 205 πόλιν,
247 165 429 206 ἀναιρεῖται
459 164 489 196 δ’
520 165 584 197 ὑπὸ
612 171 679 196 τῶν
707 164 892 206 ἐπιβούλων
919 165 1120 206 πεμψάντων

107 217 175 249 ἐκεῖ
196 219 273 255 τοὺς
296 217 557 255 ἀποκτενοῦντας
580 217 690 249 αὐτόν.
732 217 786 249 καὶ
806 219 842 249 τὸ
867 216 927 258 μὲν
951 223 1043 258 σῶμα
1066 229 1120 249 κο-

107 272 260 311 μίσαντες
284 271 330 308 εἰς
350 269 560 311 Ἱεροσόλυμα
584 273 762 311 βασιλικῶς
790 270 984 310 ἐκήδευσαν,
1013 270 1120 310 <204>

106 322 303 363 κατέστρεψε
328 321 358 353 δ’
380 323 484 360 οὕτως
501 322 654 364 Ἀμασίας
677 324 736 354 τὸν
759 324 834 363 βίον
854 323 908 353 διὰ
928 323 986 354 τὸν
1005 334 1120 354 νεωτε-

108 376 226 416 ρισμὸν
249 374 303 406 καὶ
326 376 386 416 τὴν
409 377 492 416 πρὸς
514 377 573 407 τὸν
596 377 679 408 θεὸν
703 376 893 417 ὀλιγωρίαν,
917 376 1039 416 βιώσας
1060 374 1121 416 μὲν

109 429 162 468 ε”τη
186 427 322 469 τέτταρα
346 428 399 459 καὶ
423 430 641 469 πεντήκοντα,
670 429 867 470 βασιλεύσας
891 427 921 459 δ’
948 428 1044 460 ἐννέα
1067 428 1121 460 καὶ

109 483 223 512 εἴκοσι·
249 480 432 522 διαδέχεται
458 480 487 512 ὁ’
515 481 616 513 αὐτὸν
640 482 657 513 ὁ
681 487 759 519 παῖς
779 480 881 519 Ὀζίας
903 482 1058 522 τοῦνομα.

176 534 293 574 <2Οὸ>
321 535 598 577 πεντεκαιδεκάτῳ
628 534 658 566 δ’
685 536 749 566 ἔτει
772 539 831 575 τῆς
851 533 1006 575 Ἀμασίου
1030 536 1122 575 βασι-
1135 537 1176 568 10

109 588 198 624 λείας
226 586 416 627 ἐβασίλευσε
444 593 510 618 τῶν
535 586 745 628 Ἰσραηλιτῶν
771 586 905 619 Ἰωάσου
932 588 1006 624 υίὸς
1027 586 1124 628 Ἱερο-

109 641 232 680 βόαμος
256 639 292 670 ἐν
311 641 483 681 Σαμαρείᾳ
508 641 562 680 ἔτη
582 640 828 681 τετταράκοντα.
870 637 966 677 οὗτος
990 640 1007 672 ὁ
1032 642 1124 680 βασι-

110 694 185 730 λεὺς
215 693 254 724 τὰ
284 691 345 733 μὲν
376 694 422 730 είς
452 694 510 724 τὸν
542 693 625 724 θεὸν
658 693 815 733 ὑβριστὴς
847 692 901 724 καὶ
933 693 1125 734 παράνομος

111 746 228 782 δεινῶς
252 745 391 785 ἐγένετο,
416 746 535 777 εἴδωλά
558 757 592 777 τε
616 746 794 786 σεβόμενος
816 745 870 776 καὶ
893 748 1030 783 πολλοῖς
1051 746 1124 777 ἀτό-

111 809 185 835 ποις
216 797 270 829 καὶ
304 797 410 835 ξένοις
448 798 604 839 ἐγχειρῶν
641 799 764 839 ἔργοις,
801 803 846 840 τῷ
884 797 920 830 δὲ
953 801 1021 841 λαῷ
1058 804 1124 830 τῶν

109 849 318 890 Ἰσραηλιτῶν
337 852 466 891 μυρίων
485 857 594 882 κακῶν
609 854 713 888 αἴτιος
726 850 858 892 ὑπῆρξε.
896 851 1004 890 <206>
1019 852 1124 894 τούτῳ

110 903 343 943 προυφήτευσέ
364 915 413 940 τις
435 903 546 941 Ἰωνᾶς
569 904 613 941 ὡς
637 904 690 935 δεῖ
711 904 940 944 πολεμήσαντα
964 909 1034 941 τοῖς
1057 905 1125 935 Σύ-

111 968 182 996 ροις
205 956 307 987 αὐτὸν
330 961 488 997 κρατῆσαι
516 961 574 997 τῆς
597 956 734 988 ἐκείνων
763 956 934 997 δυνάμεως
962 956 1016 988 καὶ
1045 960 1125 988 πλα-

111 1013 205 1040 τῦναι
230 1009 289 1049 τὴν
313 1009 415 1040 αὑτοῦ
439 1011 620 1049 βασιλείαν,
644 1014 712 1047 τοῖς
736 1008 797 1050 μὲν
819 1010 901 1040 κατὰ
923 1010 984 1050 τὴν
1003 1010 1124 1050 ἄρκτον

110 1061 244 1102 μέρεσιν
267 1061 328 1099 ἕως
344 1060 491 1102 Ἀμάθου
514 1063 650 1102 πόλεως,
673 1068 742 1099 τοῖς
766 1061 803 1093 δὲ
821 1063 902 1093 κατὰ
926 1062 986 1102 τὴν
1005 1071 1125 1103 μεσημ-

111 1116 209 1155 βρίαν
239 1114 300 1152 ἕως
328 1119 385 1155 τῆς
410 1113 658 1155 Ἀσφαλτίτιδος
686 1117 815 1156 λίμνης·
847 1115 968 1154 (207)
997 1116 1034 1146 τὸ
1063 1116 1125 1156 γὰρ

111 1167 249 1209 ἀρχαῖον
273 1169 307 1199 οἱ
329 1168 401 1208 ὅροι
425 1173 481 1208 τῆς
506 1170 695 1206 Χαναναίας
722 1166 807 1209 ἦσαν
835 1165 942 1208 οὗτοι,
970 1169 1084 1205 καθὼς
1108 1169 1125 1200 ὁ

112 1221 292 1261 στρατηγὸς
308 1220 432 1261 Ἰησοῦς
453 1222 637 1262 περιώρισε.
676 1222 876 1262 στρατεύσας
895 1218 956 1252 οὖν
976 1220 1028 1252 ἐπὶ
1049 1223 1128 1258 τοὺς

114 1273 248 1313 Σύρους
271 1273 288 1304 ὁ
304 1273 509 1315 Ἱεροβόαμος
529 1274 786 1316 καταστρέφεται
809 1278 918 1305 πᾶσαν
938 1274 1048 1305 αὐτῶν
1068 1275 1128 1314 τὴν

114 1326 235 1366 χώραν,
260 1326 304 1363 ὡς
326 1327 578 1367 προυφήτευσεν
599 1326 718 1364 Ἰωνᾶς.

182 1379 290 1419 <208>
316 1379 496 1419 ἀναγκαῖον
520 1379 550 1410 δ’
578 1380 758 1420 ἡγησάμην,
784 1380 845 1420 τὴν
869 1380 1038 1421 ἀκρίβειαν
1062 1385 1129 1411 τῶν

115 1431 314 1471 πραγμάτων
333 1432 543 1472 παραδώσειν
558 1431 790 1473 ὑπεσχημένος,
811 1433 871 1464 ὅσα
890 1431 944 1464 καὶ
961 1432 1035 1473 περὶ
1055 1433 1129 1464 τού-

115 1495 174 1514 του
203 1489 261 1515 τοῦ
289 1485 463 1525 προφήτου
492 1482 596 1526 ηὗρον
627 1485 662 1516 ἐν
691 1491 762 1523 ταῖς
786 1485 972 1527 Ἑβραϊκαῖς
1002 1487 1130 1526 βίβλοις

116 1536 389 1578 ἀναγεγραμμένα
414 1538 606 1576 διεξελθεῖν.
648 1538 839 1576 κελευσθεὶς
862 1540 924 1579 γὰρ
949 1536 1045 1575 οὗτος
1066 1539 1129 1570 ὑπὸ

116 1594 175 1620 τοῦ
206 1593 289 1621 θεοῦ
319 1594 527 1631 πορευθῆναι
557 1590 618 1632 μὲν
648 1593 695 1629 εἰς
722 1592 783 1632 τὴν
812 1594 922 1623 Νίνου
949 1593 1130 1633 βασιλείαν,

77 1650 103 1669 30
118 1642 254 1682 κηρῦξαι
279 1642 308 1673 δ’
337 1643 404 1674 ε’κεῖ
425 1645 604 1684 γενόμενον
628 1644 664 1675 ἐν
687 1649 725 1686 τῇ
750 1647 842 1676 πόλει
870 1645 919 1676 ὅτι
943 1645 1004 1685 τὴν
1027 1644 1132 1685 ἀρχὴν

190 1704 265 1734 §203
278 1715 310 1724 =
321 1705 337 1728 4
347 1702 414 1736 Reg.
426 1703 542 1736 X1V19;
557 1708 571 1730 2
583 1704 760 1731 Pa1·a1.xxv
772 1708 812 1732 25.
883 1708 898 1736 ξ
909 1708 960 1732 208
972 1718 1005 1727 ==
1016 1705 1072 1731 Ion.
1085 1705 1095 1730 1
1109 1709 1129 1732 1.
