1261 1917
565 34 708 58 ΔΕΚΑΤΠ
1077 33 1142 64 359

130 115 221 152 δόξαι
251 119 317 146 τῶν
345 115 455 145 ἄλλων
483 114 658 145 Χαλδαίων
686 113 739 145 καὶ
768 114 897 154 μα’γων,
927 114 975 145 ὅτι
1004 114 1146 155 μηδενὸς

130 167 265 198 ἐκείνων
288 164 410 207 τοῦναρ
436 166 546 207 εὑρεῖν
570 166 776 206 δυνηθέντος
800 167 898 203 αὐτὸς
922 167 1010 209 αὐτῷ
1031 166 1144 207 μέλλοι

129 220 251 260 λέγειν·
276 219 316 251 οὐ
340 220 402 260 γαρ
427 218 496 250 κατ’
524 218 710 260 ἐμπειρίαν,
734 218 806 250 οὐδ’
834 220 883 251 ὅτι
907 220 968 260 τὴν
992 220 1145 251 διάνοιαν

129 273 239 304 αὐτῶν
258 275 383 314 μᾶλλον
403 272 630 312 ἐκπεπόνηται,
650 277 746 304 τοῦτο
767 274 931 313 γίνεσθαι,
952 271 1035 304 ‘dm'
1056 272 1146 313 ἐλεή-

101 339 113 357 5
129 335 187 363 σας
216 325 298 366 ἡμᾶς
327 326 344 357 ὁ
368 326 449 362 θεὸς
476 326 734 362 κινδυνεύοντας
761 325 961 365 ἀποθανεῖν,
991 325 1145 365 δεηθέντι

127 381 205 419 περί
226 390 260 410 τε
284 383 341 419 τῆς
361 378 439 419 ἐμῆς
460 383 566 419 ψυχῆς
588 377 641 409 καὶ
662 384 729 409 τῶν
749 378 924 419 ὁμοεθνῶν
948 377 1001 409 καὶ
1021 375 1144 419 τοῦναρ

127 431 179 463 καὶ
204 432 265 472 τὴν
288 433 399 472 κρίσιν
427 431 530 463 αὐτοῦ
558 432 708 472 φανερὰν
734 430 896 471 ἐποίησεν.
943 432 1059 470 <204>
1084 431 1144 472 οὐχ

126 482 226 524 ἧττον
250 485 311 525 γὰρ
335 489 392 524 τῆς
421 483 472 525 ἐφ’
506 484 582 525 ἡμῖν
606 485 732 522 αὐτοῖς,
761 485 1052 515 καταδικασθεῖσιν
1080 484 1144 515 ὑπὸ

127 542 188 568 σοῦ
213 538 256 578 μὴ
281 539 353 578 ζῆν,
382 538 486 577 λύπης
509 536 583 577 περὶ
612 542 669 578 τῆς
694 542 753 578 σῆς
777 537 879 569 αὐτοῦ
904 538 1001 577 δόξης
1025 537 1145 578 ἐφρόν-

87 603 112 621 10
126 592 225 629 τιζον,
245 590 366 627 ἀδίκως
385 590 490 628 οὕτως
509 590 643 630 ἄνδρας,
662 589 716 621 καὶ
732 595 833 621 ταῦτα
852 591 974 628 καλούς
993 602 1026 622 τε
1046 590 1145 631 κάγα-

126 644 224 683 θούς,
253 643 438 675 ἀποθανεῖν
461 644 692 683 κελεύσαντος,
721 639 771 681 οἷς
800 642 900 675 οὐδὲν
928 642 988 684 μὲν
1012 643 1144 685 ἀνθρω-

125 698 224 736 πίνης
243 698 363 736 σοφίας
383 696 540 737 ἐχόμενον
559 695 770 737 προσέταξας,
789 696 806 728 ὃ
827 695 856 727 δ’
875 695 916 737 ἦν
937 698 1035 738 ἔργον
1049 700 1144 736 θεοῦ,

125 748 214 780 τοῦτ’
237 749 371 790 ἀπῄτεις
394 748 470 791 παρ’
493 750 612 780 αὐτῶν.
658 750 767 789 <205>
792 749 844 780 σοὶ
868 751 984 781 τοίνυν
1008 751 1144 790 φροντί-

127 804 213 840 ζοντι
238 801 309 843 περὶ
336 806 395 833 τοῦ
419 804 469 839 τίς
492 802 581 843 ἄρξει
606 807 665 833 τοῦ
689 803 814 843 κόσμου
842 803 965 840 παντὸς
993 802 1072 843 μετὰ
1097 801 1144 841 σε’,

86 867 110 886 15
125 854 401 896 κατακοιμηθέντι
440 855 642 895 βουλόμενος
677 855 822 894 δηλῶσαι
855 855 980 892 πάντας
1013 854 1030 886 ὁ
1063 855 1144 892 θεὸς

125 910 202 945 τοὺς
226 908 494 948 βασιλεύσοντας,
519 908 599 948 ὄναρ
621 908 721 945 ἔδειξε
741 912 902 939 τοιοῦτον.
940 907 1048 947 <206>
1072 908 1144 939 ἔδο-

125 961 181 999 ξας
200 961 282 1001 ὁρᾶν
303 960 483 1000 ἀνδριάντα
503 959 607 1001 μέγαν
623 959 756 1000 ἑστῶτα,
776 958 816 991 οὗ
835 960 896 1001 τὴν
915 959 976 1001 μὲν
994 961 1144 1001 κεφαλὴν

125 1013 321 1054 συνέβαινεν
345 1011 429 1044 εἶναι
454 1018 592 1054 χρυσῆν,
616 1014 693 1050 τοὺς
713 1012 742 1044 δ’
766 1014 876 1054 ὤμους
894 1012 948 1044 καὶ
969 1015 1045 1050 τοὺς
1064 1016 1143 1055 βρα-

124 1069 238 1108 χίονας
270 1066 451 1107 ἀργυροῦς,
484 1066 545 1106 τὴν
578 1064 614 1097 δὲ
647 1065 788 1107 γαστέρα
821 1065 874 1097 καὶ
908 1067 985 1103 τοὺς
1018 1068 1143 1107 μηροὺς

83 1131 110 1149 20
125 1123 275 1160 χαλκοῦς,
299 1120 424 1160 κνήμας
444 1117 480 1150 δὲ
499 1118 552 1150 καὶ
572 1120 676 1156 πόδας
697 1120 862 1160 σιδηροῦς.
901 1120 1009 1160 <207>
1033 1120 1142 1150 ἔπειτα

125 1174 225 1204 λίθον
253 1170 338 1210 εἶδες
369 1172 401 1210 ἐξ
433 1173 533 1213 ὄρους
563 1171 791 1213 ἀπορραγέντα
825 1171 978 1212 ἐμπεσεῖν
1010 1177 1054 1215 τῷ
1085 1172 1142 1203 ἀνβ

125 1226 265 1266 δριάντι,
288 1225 342 1256 καὶ
367 1230 486 1256 τοῦτον
509 1226 737 1266 καταβαλόντα
761 1231 939 1266 συντρῖψαι
963 1223 1017 1256 καὶ
1039 1223 1142 1266 μηδὲν

125 1278 227 1309 αὐτοῦ
247 1277 345 1319 μέρος
365 1277 547 1318 ὁλόκληρον
567 1277 713 1318 ἀφεῖναι,
732 1279 791 1309 τὸν
810 1276 846 1308 δὲ
866 1279 991 1318 χρυσὸν
1009 1277 1062 1308 καὶ
1083 1278 1142 1309 τὸν

124 1332 271 1372 ἄργυρον
295 1329 349 1362 καὶ
373 1331 431 1361 τὸν
455 1331 593 1372 σίδηρον
616 1329 670 1361 καὶ
695 1331 753 1361 τὸν
776 1331 898 1371 χαλκὸν
924 1330 1066 1372 ἀλεύρου
1091 1333 1142 1362 λε-

84 1394 109 1413 25
124 1386 283 1424 πτότερον
321 1382 493 1424 γενέσθαι,
530 1382 583 1414 καὶ
614 1384 653 1414 τὰ
686 1381 747 1424 μὲν
779 1382 903 1424 ἀνέμου
938 1384 1142 1421 πνεύσαντος

125 1436 352 1478 σφοδροτέρου
372 1437 436 1468 ’ὑπὸ
454 1441 511 1477 τῆς
530 1438 604 1477 βίας
623 1436 810 1477 ἁρπαγέντα
831 1437 1064 1477 διασπαρῆναι,
1082 1438 1142 1468 τὸν

125 1489 161 1522 δὲ
185 1492 285 1522 λίθον
309 1490 448 1529 αὐξῆσαι
473 1494 634 1521 τοσοῦτον
659 1490 703 1526 ὡς
727 1490 856 1520 ἱέπασαν
880 1488 935 1520 ὑπ’
958 1489 1061 1520 αὐτοῦ
1080 1490 1141 1529 τὴν

125 1548 187 1584 γῆν
216 1544 327 1574 δοκεῖν
355 1545 602 1583 πεπληρῶσθαι.
649 1543 768 1583 <208>
798 1543 835 1573 τὸ
866 1540 927 1583 μὲν
958 1540 1019 1573 οὖν
1047 1544 1140 1583 ὄναρ,

125 1597 204 1637 ὅπερ
225 1594 320 1635 εἶδες,
344 1594 432 1627 τοῦτ’
456 1596 557 1626 ἔστιν·
581 1595 601 1635 ἡ
626 1593 662 1627 δὲ
685 1597 792 1636 κρίσις
814 1595 916 1626 αὐτοῦ
935 1600 1055 1626 τοῦτον
1075 1597 1140 1636 ἔχει

84 1658 111 1677 80
125 1650 182 1681 τὸν
210 1650 342 1690 τρόπον.
389 1648 408 1689 ἡ
437 1647 497 1689 μὲν
525 1653 629 1689 χρυσῆ
658 1648 783 1689 κεφαλὴ
814 1647 852 1679 σέ
878 1647 906 1679 τ’
937 1648 1056 1689 ἐδήλου
1085 1648 1140 1680 καὶ

197 1712 210 1741 g·
227 1712 277 1735 203
294 1722 326 1730 =
341 1708 411 1735 Dan.
426 1709 450 1734 Π
466 1711 506 1734 27.
