1261 1917
132 37 197 68 302
497 39 766 64 ΑΡΧΑΙΟΛΟΓΙΑΣ

131 117 297 157 ἀπολέσει,
322 118 431 155 δείσας
455 117 514 149 οὐκ
538 117 702 159 ἀπῆλθεν,
726 117 796 150 ἀλλ’
823 118 1055 160 ἀποδιδράσκει
1078 121 1137 151 τὸν

131 170 213 201 θεὸν
244 171 291 206 εἰς
316 168 424 210 Ἰόπην
455 171 567 210 πόλιν,
599 169 652 201 καὶ
680 173 797 202 πλοῖον
830 171 936 212 εὑρὼν
964 171 1063 213 ἐμβὰς
1091 173 1137 209 εἰς

136 223 265 263 Ταρσὸν
293 223 381 254 ἔπλει
409 227 465 263 τῆς
493 224 653 260 Κιλικίας.
702 223 810 263 <209>
839 223 1072 265 ἐπιγενομένου
1101 223 1137 255 δὲ

131 279 290 315 χειμῶνος
323 275 550 316 σφοδροτάτου
584 275 637 307 καὶ
669 276 923 314 κινδυνεύοντος
957 277 1138 308 καταδῦναι

131 332 190 358 τοῦ
214 327 370 368 σκάφους,
394 328 428 359 oc
449 326 509 368 μὲν
533 332 649 359 ναῦται
673 328 726 359 καὶ
747 329 763 360 ὁ
783 329 983 369 κυβερνήτης
1006 328 1059 360 καὶ
1080 329 1137 360 αὐ-

131 381 185 416 τὸς
209 379 226 411 ὁ
250 381 433 422 ναύκληρος
457 381 552 422 εὐχὰς
572 380 744 412 ἐποιοῦντο
763 383 993 422 χαριστηρίους
1017 383 1047 412 εί
1068 382 1137 413 δια-

131 432 270 472 φύγοιεν
298 433 357 473 τὴν
381 433 563 473 θάλατταν,
591 433 608 465 ὁ
633 432 663 464 δ’
687 432 797 471 Ἰωνᾶς
825 433 1008 473 ἐγκαλύψας
1036 434 1137 466 αὑτὸν

131 483 299 525 ἐβέβλητο,
328 484 431 525 μηδὲν
455 483 501 516 ὧν
525 487 601 522 τοὺς
624 486 745 522 ἄλλους
774 484 858 525 ἑώρα
887 491 1064 524 ποιοῦντας
1087 499 1137 527 μι-

130 537 301 577 μούμενος.
344 538 451 577 <210>
475 538 631 575 αὔξοντος
655 537 684 569 δ’
712 539 759 569 ἔτι
782 541 906 578 μᾶλλον
931 543 989 569 τοῦ
1012 539 1137 570 κλύδω-

131 600 187 626 νος
209 588 264 620 καὶ
287 588 472 630 βιαιοτέρας
496 589 673 631 γενομένης
695 591 759 622 ὑπὸ
779 596 845 621 τῶν
866 591 1061 631 πνευμάτων
1080 596 1136 631 τῆς

129 641 308 681 θαλάττης,
338 642 594 682 ὑπονοήσαντες,
628 643 671 680 ὡς
699 642 866 684 ἐνδέχεταί
889 655 961 674 τινα
989 649 1055 674 τῶν
1083 643 1136 684 ε’μ-

129 695 297 726 πλεόντων
320 697 427 726 αἴτιον
450 695 562 732 αὐτοῖς
582 693 665 726 εἶναι
686 700 743 727 τοῦ
763 701 931 736 χειμῶνος,
955 695 1135 727 συνέθεντο

129 747 238 790 κλήρῳ
262 752 380 779 τοῦτον
405 747 493 785 ὅστις
516 747 588 779 ποτ’
610 746 652 788 ἧν
673 751 802 789 μαθεῖν.
844 748 951 789 <211>
970 751 1137 790 κληρωσα-

129 798 238 839 μένων
267 798 327 831 οὖν
356 800 372 831 ὁ
401 801 570 841 προφήτης
598 801 761 841 λαγχάνει.
807 800 1072 842 πυνθανομένων
1100 799 1136 832 δὲ

129 853 235 883 πόθεν
259 851 285 883 τ’
313 855 362 893 εἴη
391 852 444 883 καὶ
468 855 502 884 τί
522 852 722 894 μετέρχεται,
751 854 787 884 τὸ
816 852 876 894 μὲν
904 852 998 893 γένος
1027 854 1136 893 ἔλεγεν

125 902 275 945 Ἑβραῖος
299 903 393 944 εἶναι,
417 906 586 946 προφήτης
610 904 646 936 δὲ
669 910 728 937 τοῦ
747 907 901 946 μεγίστου
925 909 1016 937 θεοῦ.
1060 914 1135 938 συν-

129 958 325 997 εβούλευσεν
358 955 418 988 οὖν
451 958 576 997 αὐτοῖς,
610 959 639 989 εἰ
670 957 829 989 θέλουσιν
862 958 1045 999 ἀποδρᾶναι
1077 960 1135 990 τὸν

129 1011 274 1050 παρόντα
307 1011 480 1050 κίνδυνον,
517 1010 666 1051 ἐκβαλεῖν
700 1011 800 1042 αὐτὸν
835 1012 881 1048 εἰς
913 1012 949 1042 τὸ
982 1010 1134 1051 πέλαγος·

130 1065 237 1093 αἴτιον
256 1063 318 1103 γὰρ
338 1062 449 1099 αὐτοῖς
469 1060 553 1094 εἶναι
572 1067 631 1094 τοῦ
650 1068 816 1104 χειμῶνος.
859 1064 967 1103 <212>
991 1065 1025 1094 οἳ
1044 1062 1079 1094 δὲ
1099 1064 1134 1094 τὸ

129 1113 189 1156 μὲν
203 1121 334 1156 πρῶτον
349 1115 408 1146 οὐκ
424 1115 578 1156 ἐτόλμων,
598 1117 766 1157 κρίνοντες
781 1115 926 1157 ἀσέβημα
942 1113 1025 1147 εἶναι
1041 1115 1135 1153 ξένον
1150 1128 1161 1146 2
1196 1128 1202 1133 ·

129 1168 310 1209 ἄνθρωπον
329 1167 382 1199 καὶ
402 1169 636 1199 πεπιστευκότα
656 1168 768 1205 αὐτοῖς
789 1170 825 1200 τὸ
846 1170 903 1208 ζῆν
922 1169 968 1205 εἰς
987 1169 1135 1209 φανερὰν

129 1220 232 1257 οὕτως
252 1220 416 1252 ἀπώλειαν
436 1220 578 1261 ἐκρῖψαι·
601 1224 787 1252 τελευταῖον
807 1220 837 1251 δ’
859 1220 1135 1262 ὑπερβιαζομένου

129 1277 187 1303 τοῦ
212 1277 312 1304 κακοῦ
336 1272 389 1304 καὶ
418 1274 497 1304 ὅσον
521 1274 611 1304 οὔπω
641 1273 815 1314 μέλλοντος
841 1275 1053 1314 βαπτίζεσθαι
1077 1277 1134 1304 τοῦ

130 1326 291 1366 σκάφους,
317 1326 381 1357 ὑπό
406 1337 438 1357 τε
463 1330 520 1357 τοῦ
544 1326 715 1366 προφήτου
741 1324 1009 1366 παρορμηθέντες
1033 1325 1134 1357 αὐτοῦ

128 1377 181 1409 καὶ
215 1379 278 1410 ὑπὸ
310 1383 369 1409 τοῦ
403 1377 499 1415 δέους
531 1383 589 1409 τοῦ
621 1377 695 1419 περὶ
728 1383 784 1418 τῆς
816 1377 941 1409 ἑαυτῶν
974 1379 1159 1419 σωτηριάςε

130 1431 302 1472 ῥίπτουσιν
325 1431 426 1462 αὐτὸν
451 1432 497 1468 εἰς
520 1431 579 1471 τὴν
603 1431 778 1462 θάλατταν.
826 1432 933 1470 <213>
956 1429 1009 1461 καὶ
1034 1431 1050 1461 ὁ
1074 1428 1133 1470 μὲν

128 1485 250 1524 χειμὼν
278 1483 409 1525 ε’στάλη,
441 1485 498 1515 τὸν
527 1482 562 1515 δὲ
591 1485 687 1524 λόγος
715 1484 777 1515 ὑπὸ
808 1488 867 1514 τοῦ
894 1484 1012 1522 κήτους
1039 1494 1134 1513 κατα-

128 1536 275 1568 ποθέντα
305 1542 391 1577 τρεῖς
421 1536 542 1578 ἡμέρας
571 1535 625 1568 καὶ
655 1536 814 1573 τοσαύτας
848 1536 965 1572 νύκτας
998 1536 1043 1572 εἰς
1075 1536 1133 1566 τὸν

128 1589 288 1626 Εὔξεινον
316 1589 539 1629 ἐκβρασθῆναι
567 1590 703 1628 πόντον,
733 1590 834 1625 ζῶντα
862 1586 915 1618 καὶ
944 1586 1046 1628 μηδὲν
1074 1592 1132 1618 τοῦ

1152 341 1163 360 5

1152 603 1176 622 10

1152 865 1176 885 15

129 1642 275 1682 σώματος
299 1640 535 1682 λελωβημένον.
581 1641 687 1681 <214>
711 1642 794 1671 ἔνθα
818 1644 876 1671 τοῦ
895 1643 977 1670 θεοῦ
1002 1639 1133 1680 δεηθεὶς
1146 1649 1172 1667 30

199 1704 213 1733 ξ
228 1704 279 1727 ‘209
299 1715 331 1723 =
351 1701 407 1727 Ion.
423 1701 434 1727 I
449 1704 473 1727 4.
