1261 1917
185 81 249 111 232
554 82 823 107 ΑΡΧΑῙΟΛΟΓΙΑΣ

149 169 164 192 2
184 165 279 201 τῆσαι
303 162 384 202 πρὸς
407 161 513 202 μάχην
532 166 576 204 τῷ
597 163 738 205 Ζαραίῳ.
785 162 892 202 <294>
916 166 1017 193 ταῦτα
1040 161 1194 202 λέγοντος

182 212 321 245 Ἀσάνου
348 215 444 254 νίκην
473 214 647 254 ἐσήμαινεν
670 214 687 246 ὁ
711 215 804 255 θεός,
832 214 885 246 καὶ
914 216 1091 256 συμβαλὼν
1115 216 1194 256 μετὰ

184 271 286 307 χαρᾶς
317 272 383 297 τῶν
415 267 717 307 προδεδηλωμένων
749 267 813 298 ὑπὸ
846 272 904 298 τοῦ
936 271 1019 299 θεοῦ
1051 269 1194 305 πολλοὺς

185 319 369 350 ἀποκτείνει
402 325 468 351 τῶν
496 321 687 359 Αἰθιόπων,
720 318 773 351 καὶ
801 319 981 361 τραπέντας
1009 321 1055 357 είς
1083 320 1194 361 φυγὴν
1260 358 1261 363 ¹

186 372 320 410 ἐδίωξεν
339 373 413 413 ἄχρι
432 376 489 412 τῆς
510 373 721 413 Γεραρίτιδος
740 373 855 413 χώρας.
902 372 1059 413 ἀφέμενοι
1082 371 1118 403 δὲ
1137 377 1194 413 τῆς
1208 380 1221 400 5
1251 386 1261 409 ,1

185 424 383 467 ἀναιρέσεως
412 424 463 456 ἐπὶ
492 425 552 464 τὴν
580 425 766 466 διαρπαγὴν
794 430 850 466 τῆς
877 427 1002 462 πόλεως
1026 425 1194 466 ἐχώρησαν
1252 416 1258 429 ”

186 477 267 518 (ἥλω
291 479 353 519 γὰρ
377 477 396 517 ἡ
422 477 590 519 Γεράρων)
614 476 668 508 καὶ
692 482 749 518 τῆς
772 480 979 519 παρεμβολῆς
1002 478 1126 517 αὐτῶν,
1151 477 1195 514 ὡς

184 532 290 562 πολὺν
314 528 373 570 μὲν
398 529 576 570 ἐκφορῆσαι
598 531 722 571 χρυσὸν
745 532 850 561 πολὺν
871 529 900 561 δ’
923 531 1079 571 ἄργυρον,
1103 531 1195 561 λείαν

184 595 217 614 τε
233 583 359 622 πολλὴν
378 582 569 622 ἀπαγαγεῖν,
589 584 754 623 καμήλους
768 582 821 614 καὶ
836 583 995 622 ὑποζύγια
1010 582 1063 614 καὶ
1078 584 1194 623 βοσκη-

185 635 296 676 μάτων
316 634 441 675 ἀγέλας.
483 634 742 675 <295>”Ασανος
759 633 819 675 μὲν
839 632 900 666 οὖν
919 633 972 665 καὶ
992 634 1011 675 ἡ
1032 637 1093 666 σὺν
1108 635 1195 678 αὐτῷ
1210 643 1235 662 10

185 688 321 729 στρατιὰ
344 688 499 727 τοιαύτην
525 688 612 728 παρὰ
640 692 699 718 τοῦ
728 691 811 718 θεοῦ
840 689 936 727 νίκην
962 689 1118 728 λαβόντες
1141 686 1195 719 καὶ

185 739 349 781 ὠφέλειαν
372 739 577 780 ἀνέστρεφον
601 741 647 777 εἰς
666 739 889 781 Ἱεροσόλυμα,
917 739 1197 781 παραγενομένοις

186 792 216 824 δ’
244 793 356 829 αὐτοῖς
379 792 543 832 ἀπήντησε
566 793 646 823 κατὰ
670 793 730 832 τὴν
754 793 834 824 ὁδὸν
859 793 1030 834 προφήτης
1050 791 1197 833 Ἀζαρίας

185 847 298 887 ὄνομα.
345 843 441 882 οὗτος
470 845 614 886 ἐπισχεῖν
642 846 797 882 κελεύσας
826 850 883 885 τῆς
907 845 1111 886 ὁδοιπορίας,
1140 845 1196 886 ’ἥρ-

185 899 260 936 ξατο
290 898 398 938 λέγειν
426 899 508 939 πρὸς
541 898 661 935 αὐτοὺς
694 898 743 929 ὅτι
776 898 895 938 ταύτης
926 895 992 929 εἷεν
1019 903 1076 938 τῆς
1104 899 1196 937 νίκης
1211 906 1245 930 15,

185 952 272 993 παρὰ
301 956 358 982 τοῦ
386 954 469 982 θεοῦ
492 952 716 991 τετυχηκότες,
745 951 794 981 ὅτι
824 951 972 987 δικαίους
1000 950 1054 981 καὶ
1084 950 1197 987 ὁσίους

186 1005 306 1041 αὑτοὺς
333 1002 499 1044 παρέσχον
526 1002 580 1034 καὶ
607 1003 713 1034 πάντα
745 1003 826 1034 κατὰ
858 1003 918 1042 τὴν
951 1003 1111 1043 βούλησιν
1138 1007 1197 1033 τοῦ

186 1061 269 1088 θεοῦ
288 1057 513 1096 πεποιηκότας.
554 1056 661 1095 <296>
682 1054 872 1096 ἐπιμένουσι
893 1053 953 1096 μὲν
975 1052 1035 1086 οὖν
1056 1056 1198 1096 ἔφασκεν

187 1109 236 1141 ἀεὶ
265 1110 301 1141 τὸ
329 1114 461 1150 κρατεῖν
490 1108 610 1145 αὐτοὺς
638 1113 704 1139 τῶν
733 1107 863 1149 ἐχθρῶν
893 1106 947 1138 καὶ
975 1109 1011 1139 τὸ
1042 1109 1098 1148 ζῆν
1126 1106 1203 1148 μετ’,

187 1163 399 1203 εὐδαιμονίας
430 1161 583 1202 παρέξειν
616 1162 674 1192 τὸν
706 1162 803 1199 θεόν,
837 1160 1035 1191 ἀπολιποῦσι
1069 1158 1105 1191 δὲ
1138 1160 1198 1200 τὴν
1212 1168 1239 1187 2⁰

186 1216 368 1255 θρησκείαν
396 1214 523 1245 ἅπαντα
551 1214 677 1244 τούτων
706 1212 839 1244 ἐναντία
869 1214 1111 1254 συμβήσεσθαι,
1143 1211 1197 1243 καὶ

186 1268 385 1308 γενήσεσθαι
409 1268 531 1308 χρόνον
555 1265 681 1297 ἐκεῖνον
711 1265 746 1297 ἐν
770 1263 795 1308 ᾦ
819 1264 932 1306 μηδεὶς
957 1265 1085 1305 ἀληθὴς
1109 1265 1198 1305 εὑρε-

186 1322 324 1360 θήσεται
352 1320 523 1361 προφήτης
551 1318 587 1350 ἐν
614 1323 659 1361 τῷ
687 1317 831 1361 ὑμετέρῳ
861 1320 960 1360 ὔχλῳ,
989 1317 1061 1349 οὐδ’
1093 1318 1199 1359 ἱερεὺς

187 1374 225 1405 τὰ
250 1374 360 1404 δίκαια
384 1372 598 1413 χρηματίζων,
623 1371 730 1411 <297>
755 1371 836 1402 ἀλλὰ
860 1370 913 1401 καὶ
938 1370 974 1401 αἱ
990 1371 1101 1407 πόλεις
1120 1370 1198 1401 ἀνά-

187 1435 298 1457 στατοι
316 1426 510 1465 γενήσονται
529 1423 582 1456 καὶ
602 1425 638 1455 τὸ
659 1426 758 1461 ἔθνος
777 1425 857 1455 κατὰ
876 1424 980 1463 πάσης
999 1424 1197 1464 σπαρήσεται
1212 1431 1238 1450 2⁵

187 1484 261 1519 γῆς,
291 1479 415 1518 ἔπηλυν
439 1479 514 1518 βίον
541 1476 595 1508 καὶ
619 1477 742 1517 ἀλήτην
765 1478 978 1517 βιωσόμενον.
1023 1476 1139 1516 καιρὸν
1163 1474 1194 1506 δ’

188 1532 300 1568 αὐτοῖς
324 1532 435 1571 ἔχουσι
460 1530 700 1570 συνεβούλευεν
729 1529 870 1569 ἀγαθοῖς
898 1530 1050 1568 γίνεσθαι
1076 1527 1129 1559 καὶ
1154 1528 1197 1568 μὴ

188 1587 358 1624 φθονῆσαι
379 1587 436 1623 τῆς
455 1583 624 1623 εὐμενείας
643 1582 755 1619 αὑτοῖς
777 1586 835 1612 τοῦ
855 1585 946 1612 θεοῦ.
988 1579 1078 1612 ταῦτ’
1101 1580 1197 1611 ἀκού-
1240 1594 1242 1613 ι

188 1645 247 1673 σας
271 1636 288 1667 ὁ
312 1636 466 1676 βασιλεὺς
489 1633 542 1666 καὶ
567 1635 584 1666 ὁ
609 1635 687 1671 λαὸς
711 1634 872 1675 ἐχάρησαν
896 1633 949 1665 καὶ
971 1634 1096 1673 πολλὴν
1119 1634 1197 1674 πρό·
1240 1619 1242 1659 3

187 1701 284 1720 νοιαν
313 1688 484 1719 ἐποιοῦντο
513 1691 607 1728 κοινῇ
635 1698 669 1718 τε
697 1686 815 1724 πάντες
843 1685 896 1717 καὶ
924 1685 993 1717 κατ’
1021 1687 1110 1718 ἰδίαν
1138 1690 1196 1717 τοῦ
1210 1693 1236 1712 8⁰

259 1751 273 1780 ξ
289 1752 339 1775 294
360 1761 391 1770 =
413 1752 427 1774 2
443 1747 532 1774 Paral.
548 1747 611 1772 XIV
627 1750 668 1774 12.

1240 1503 1242 1518 k
