1261 1917
141 80 182 111 36
504 81 776 106 ΑΡΧΑΙΟΛΟΓΙΑΣ

138 161 174 192 τὸ
204 165 262 201 τῆς
288 166 395 202 ψυχῆς
425 163 615 192 συνίσταται
647 162 779 201 κάλλος,
807 161 1147 203 κατακεκοσμημένοςῖ

139 214 246 254 <161>
270 218 372 245 ταῦτα
400 214 587 254 φράσαντος
614 219 673 245 τοῦ
702 217 799 254 θεοῦ,
827 215 950 252 πάντας
979 214 1148 246 ἐκέλευσεν

139 266 226 309 αὐτῷ
254 267 313 297 τὸν
339 265 496 298 Ἰεσσαῖον
523 268 600 304 τοὺς
630 268 724 304 υἶοὺς
756 267 912 305 ἐπιδεῖξαι
942 269 1146 308 Σαμούηλος.

137 319 154 350 ὃ
180 317 215 350 δὲ
239 318 329 350 πέντ’
352 320 472 357 ἄλλους
497 319 648 360 ἐποίησεν
672 320 795 360 ἐλθεῖν,
820 318 866 351 ὧν
890 321 907 352 ὁ
927 319 987 361 μὲν
1006 321 1147 362 πρεσβύ-

136 383 230 413 τερος
258 371 422 413 Ἐλίαβος,
453 373 470 404 ὁ
502 374 654 413 δεύτερος
681 372 912 414 Ἀμινάδαβος,
946 374 1101 414 Σάμαλος
1129 374 1173 405 ὁῦ

136 427 255 465 τρίτος,
279 425 296 456 ὁ
316 425 469 466 τέταρτος
491 426 723 466 Ναθανάηλος,
747 425 800 457 καὶ
816 425 946 466 Ῥάηλος
968 426 984 457 ὁ
1004 425 1147 467 πέμπτος

138 477 293 517 ἐκαλεῖτο,
317 478 334 510 ὁ
355 477 385 509 δ’
408 478 499 516 ἕκτος
514 478 665 519 ’Ἄσαμος
713 480 820 519 <162>
841 480 922 510 ἰδὼν
944 478 980 510 δὲ
999 478 1052 510 καὶ
1072 480 1146 510 τού-

136 542 214 567 τους
238 531 254 562 ὁ
279 532 449 572 προφήτης
472 529 575 572 μηδὲν
598 533 729 572 χείρους
751 536 809 563 τοῦ
829 531 1053 573 πρεσβυτέρου
1076 538 1147 569 ταῖς

137 589 295 624 μορφαῖς,
329 583 515 625 ἐπηρώτησε
547 585 606 615 τὸν
638 585 721 616 θεὸν
753 587 827 616 τίνα
855 586 980 616 τούτων
1007 586 1145 625 αἶρεῖται

136 636 281 676 βασιλέα.
319 638 468 674 εἰπόντος
488 636 517 668 δ’
535 637 665 677 οὐδένα,
685 638 889 669 πυνθάνεται
913 642 971 669 τοῦ
988 636 1145 669 Ἰεσσαίου
1162 646 1186 664 10

137 689 179 729 μὴ
204 690 286 729 πρὸς
309 690 438 726 τούτοις
466 690 553 732 αὐτῷ
581 689 634 721 καὶ
663 691 757 722 ἄλλοι
780 691 895 728 παῖδες
918 692 989 722 εἰσί.
1037 691 1145 731 <163>

137 742 304 782 φήσαντος
337 741 366 773 δ’
398 740 482 773 εἶναι
510 744 664 783 Δαυίδην
696 743 856 784 τοῦνομα..
888 745 1077 784 ποιμαίνειν
1110 742 1145 775 δὲ

136 793 190 825 καὶ
209 799 267 835 τῆς
285 800 351 826 τῶν
370 795 584 836 βοσκημάτων
599 798 748 836 φυλακῆς
767 795 1003 836 ἐπιμελεῖσθαι,
1021 797 1146 827 κελεύει

136 850 250 878 καλεῖν
283 847 384 879 αὐτὸν
418 847 454 879 ἐν
486 848 588 888 τάχει·
628 851 867 889 κατακλιθῆναι
905 849 966 889 γὰρ
1004 850 1050 886 εἰς
1086 849 1146 889 τὴν

137 900 278 941 εὐωχίαν
297 901 356 931 οὐκ
376 898 460 931 εἶναι
480 901 624 932 δυνατὸν
639 901 750 938 αὐτοῖς
770 901 897 932 ἐκείνου
912 902 954 942 μὴ
974 903 1144 942 παρόντος.
1161 909 1184 928 15

133 954 242 993 <164>
268 953 311 990 ὡς
340 952 370 984 δ’
396 950 474 993 ἧκεν
504 953 520 985 ὁ
545 954 695 994 Δαυίδης
725 953 971 995 μεταπεμφθεὶς
998 955 1061 986 ὑπὸ
1086 959 1145 986 τοῦ

132 1007 268 1047 πατρός,
302 1011 378 1043 παῖς
407 1006 529 1044 ξανθὸς
562 1005 622 1047 μὲν
655 1007 715 1046 τὴν
742 1008 844 1047 χρόαν
877 1008 997 1047 γοργὸς
1025 1005 1060 1038 ὁε
1088 1008 1145 1044 τὰς

133 1060 226 1096 ὄψεις
245 1058 298 1090 καὶ
319 1060 418 1096 καλὸς
437 1060 553 1097 ἄλλως,
573 1057 680 1096 “οὗτός
701 1059 799 1091 ἐστιν’
821 1060 921 1090 εἰπὼν
940 1059 1043 1101 ἡσυχῇ
1063 1061 1145 1101 πρὸς

133 1112 235 1143 αὑτὸν
259 1113 456 1153 Σαμούηλος
476 1112 504 1143 ‘6
525 1113 712 1153 βασιλεύειν
731 1112 849 1152 ἀρέσας
870 1117 914 1155 τῷ
934 1113 1024 1156 θεῷ,’
1048 1125 1144 1144 κατα-

133 1167 277 1196 κλίνεται
302 1163 361 1205 μὲν
385 1164 493 1203 αὐτός,
517 1167 702 1196 κατακλίνει
728 1164 758 1196 6²
780 1164 838 1206 ὑφ’
866 1166 967 1197 αὑτὸν
990 1167 1048 1197 τὸν
1071 1178 1143 1197 νεα-
1159 1172 1184 1191 20

132 1220 248 1249 νίσκον
271 1216 324 1248 καὶ
349 1218 407 1248 τὸν
424 1216 581 1248 Ἰεσσαῖον
601 1219 679 1258 μετὰ
698 1217 751 1249 καὶ
771 1224 837 1249 τῶν
856 1219 994 1249 παίδων.
1035 1219 1142 1259 <165>

133 1272 242 1301 ἔπειτα
266 1271 377 1311 λαβὼν
402 1270 546 1311 ὁρῶντος
569 1275 628 1301 τοῦ
652 1272 805 1302 Δαυίδου
828 1273 864 1303 τὸ
885 1273 996 1302 ἔλαιον
1016 1271 1143 1312 ἀλείφει

132 1322 158 1354 τ’
186 1323 288 1355 αὐτὸν
315 1322 368 1354 καὶ
397 1324 478 1364 πρὸς
506 1325 542 1355 τὸ
571 1321 629 1361 οὖς
652 1323 754 1365 ἠρέμα
779 1327 884 1363 λαλεῖ,
914 1323 968 1355 καὶ
992 1326 1143 1365 σημαίνει

131 1375 227 1407 τοῦθ’
259 1376 308 1407 ὅτι
336 1377 524 1417 βασιλεύειν
553 1376 654 1408 αὐτὸν
683 1377 700 1408 ὁ
724 1378 802 1414 θεὸς
836 1376 957 1418 ᾕρηται.
1003 1376 1142 1418 παρῄνει

132 1428 162 1459 δ’
181 1426 265 1459 εἶναι
282 1429 411 1459 δίκαιον
426 1428 479 1459 καὶ
494 1430 655 1469 κατήκοον
670 1429 771 1460 αὐτοῦ
791 1435 857 1460 τῶν
871 1429 1141 1470 προσταγμάτων
1156 1438 1180 1456 25

132 1481 217 1512 οὕτω
234 1482 295 1522 γὰρ
312 1481 399 1524 αὐτῷ
415 1488 615 1523 παραμενεῖν
626 1482 686 1522 τὴν
700 1484 870 1523 βασιλείαν
881 1481 932 1513 ἐπὶ
947 1483 1053 1513 πολὺν
1067 1484 1141 1523 χρό-

131 1545 202 1573 νον,
217 1533 344 1566 καὶτὸν
359 1532 452 1565 οἶκον
471 1536 622 1575 λαμπρὸν
641 1533 694 1565 καὶ
714 1536 912 1576 περιβόητον
931 1535 1141 1575 γενήσεσθαι,

131 1585 411 1627 καταστρέψεσθαι
428 1585 463 1617 δὲ
483 1586 535 1617 καὶ
553 1588 807 1626 Παλαιστινούς,
826 1587 879 1618 καὶ
899 1583 948 1624 οἷς
967 1587 1008 1619 ἂν
1028 1589 1140 1619 ἔθνεσι
1231 1590 1234 1640 ζ

131 1642 254 1680 πολεμῇ
279 1645 421 1670 νικῶντα
445 1638 498 1670 καὶ
522 1641 677 1681 περιόντα
700 1645 737 1681 τῇ
762 1641 846 1681 μάχῃ
871 1640 965 1677 κλέος
988 1640 1141 1682 ἆοίὸιμον
1231 1667 1232 1694 η

132 1692 234 1729 ζῶντά
258 1703 291 1723 τε
315 1691 400 1729 ἕξειν
423 1691 475 1723 καὶ
500 1698 570 1729 τοῖς
594 1692 668 1733 μεθ’
695 1693 796 1724 αὑτὸν
820 1693 1019 1730 ἀπολείψειν,
1154 1702 1179 1721 30
1230 1703 1232 1754 ἰ

202 1755 216 1784 5
237 1754 285 1778 161
307 1765 340 1774 =
362 1755 375 1777 1
395 1752 461 1785 Reg.
482 1752 583 1779 XV13.
1230 1785 1232 1812 1
