1261 1917
41 592 64 611 10

42 856 64 875 15

42 1119 67 1139 20

45 1385 70 1403 23

48 1649 73 1668 80

524 26 644 50 ENATH
1024 21 1088 53 303

76 108 274 149 συγγνώμην
290 107 377 149 αὐτῷ
391 110 573 148 παρασχεῖν
593 110 658 136 τῶν
674 103 920 145 ἡμαρτημένων,
940 102 1090 143 ἀπῆλθεν

76 162 123 199 είς
146 161 206 201 τὴν
227 161 336 191 Νίνου
360 160 468 197 πόλιν,
491 157 545 189 καὶ
570 156 704 194 σταθεὶς
729 157 775 194 εἰς
794 156 935 196 ἐπήκοον
957 155 1090 196 ἐκήρυτ-

77 225 131 246 τεν
151 213 195 250 ὡς
214 211 282 254 μετ’
302 212 417 252 ὀλίγον
435 211 524 243 πάνυ
543 211 664 251 χρόνον
684 209 887 250 ἀποβαλοῦσι
908 209 968 249 τὴν
987 208 1091 249 ἀρχὴν

77 271 133 307 τῆς
149 265 265 303 Ἀσίας.
308 263 361 296 καὶ
386 268 487 296 ταῦτα
507 263 657 303 δηλώσας
680 261 871 303 ὑπέστρεψε.
913 261 1091 302 διεξῆλθον

77 318 112 351 δὲ
133 319 193 359 τὴν
211 317 286 359 περὶ
306 317 408 349 αὐτοῦ
429 317 582 357 διήγησιν
601 316 645 353 ὡς
666 312 768 356 ηὗρον
788 313 1090 355 ἀναγεγραμμένην.

143 372 250 411 <215>
270 370 478 411 Ἱεροβόαμος
498 368 527 400 δ’
550 369 567 400 ὁ
587 370 741 410 βασιλεὺς
761 369 839 409 μετὰ
858 367 964 407 πάσης
983 367 1091 398 εὐδαι-

77 426 193 466 μονίας
217 424 275 455 τὸν
299 425 374 464 βίον
399 423 567 462 διαγαγὼν
588 421 642 452 καὶ
662 421 761 461 ἄρξας
781 422 834 460 ἔτη
855 420 1091 460 τετταράκοντα

78 477 274 517 ἐτελεύτησε.
316 474 369 507 καὶ
390 475 549 507 θάπτεται
569 473 630 515 μὲν
650 473 686 505 ἐν
706 474 888 516 Σαμαρείᾳ,
908 472 1092 513 διαδέχεται

78 529 108 562 δ’
135 530 238 561 αὐτοῦ
262 529 322 569 τὴν
346 530 517 569 βασιλείαν
542 527 558 559 ὁ
584 528 656 564 υίὸς
681 528 855 568 Ζαχαρίας.
902 526 1010 566 (216)
1035 527 1093 557 τὸν

79 583 180 615 αὐτὸν
204 581 240 613 δὲ
264 583 388 623 τρόπον
411 580 464 612 καὶ
487 580 588 619 Ὀζίας
613 580 630 612 ὁ
655 584 713 611 τοῦ
735 579 891 620 Ἀμασίου
915 579 997 619 υἱός,
1022 580 1093 616 ε”τος

80 637 139 676 ἤδη
162 635 318 676 τέταρτον
337 636 419 675 πρὸς
438 639 506 671 τοῖς
526 632 603 664 δέκα
623 633 857 674 βασιλεύοντος
872 632 1093 673 Ἱεροβοάμου,

79 694 144 721 τῶν
169 689 229 720 δύο
254 691 371 728 φυλῶν
396 686 607 728 ἐβασίλευσεν
634 685 670 717 ἐν
690 685 944 726 Ἱεροσολύμοις,
973 686 1095 726 μητρὸς

80 743 126 774 ὢν
147 741 295 783 Ἀχιάλας
319 739 379 782 μὲν
404 741 548 780 τοῦνομα
572 739 671 779 ἀστῆς
698 737 733 770 δὲ
759 740 793 770 τὸ
818 738 921 778 γένος.
968 738 1095 778 ἀγαθὸς

80 794 110 826 δ’
135 792 174 835 ἧν
198 793 251 825 καὶ
277 795 404 831 δίκαιος
428 793 487 833 τὴν
507 793 611 833 φύσιν
629 790 682 823 καὶ
703 793 923 833 μεγαλόφρων
942 790 996 822 καὶ
1015 802 1095 832 προ-

83 852 198 888 νοῆσαι
226 852 293 878 τῶν
316 846 517 887 πραγμάτων
546 846 827 885 φιλοπονώτατος·
857 845 972 885 <217>
999 852 1094 885 στρα-

80 901 278 941 τευσάμενος
302 898 338 930 δὲ
361 898 414 930 καὶ
440 897 491 930 ἐπὶ
511 900 757 935 Παλαιστινοὺς
780 896 834 929 καὶ
854 898 990 938 νικήσας
1010 897 1095 938 μάχῃ

80 955 191 990 πόλεις
215 952 325 983 αὐτῶν
350 953 445 992 ἔλαβε
468 952 549 983 κατὰ
568 951 686 992 κράτος
707 953 827 983 Γίτταν
850 949 904 982 καὶ
922 949 1095 991 Ἰάμνειαν,

80 1005 133 1037 καὶ
158 1005 360 1041 κατέσκαψεν
384 1004 493 1036 αὐτῶν
518 1005 555 1036 τὰ
580 1006 678 1045 τείχη.
724 1005 802 1045 μετὰ
830 1002 866 1035 δὲ
890 1004 1013 1043 ταύτην
1036 1004 1096 1044 τὴν

82 1060 254 1100 στρατείαν
278 1057 401 1099 ἐπῆλθε
426 1063 494 1095 τοῖς
518 1062 554 1098 τῇ
575 1058 732 1100 Αἰγύπτῳ
758 1063 945 1097 γειτνιῶσιν
964 1056 1096 1097 ’Ἁραψι,

81 1111 135 1143 καὶ
155 1113 253 1143 πόλιν
267 1113 379 1148 κτίσας
399 1110 451 1142 ἐπὶ
466 1115 523 1151 τῆς
536 1109 699 1151 Ἐρυθρᾶς
718 1110 888 1150 θαλάσσης
908 1109 1097 1149 ἐγκατέστη-

83 1174 139 1196 σεν
172 1164 253 1205 αὐτῇ
287 1164 449 1205 φρουράν.
503 1164 618 1204 <218>
652 1165 761 1195 ἔπειτα
795 1165 871 1200 τοὺς
901 1162 1097 1204 Ἀμμανίτας

83 1217 387 1258 καταστρεψάμενος
411 1216 463 1248 καὶ
488 1218 614 1257 φόρους
634 1216 746 1254 αὐτοῖς
765 1217 879 1257 ὁρίσας
903 1219 1019 1255 τελεῖν,
1043 1214 1096 1246 καὶ

83 1271 188 1302 πάντα
216 1271 255 1302 τὰ
283 1269 376 1311 μέχρι
407 1275 473 1301 τῶν
501 1271 695 1310 Αἰγυπτίων
729 1270 816 1310 ὅρων
846 1269 1097 1310 χειρωσάμενος,

84 1329 150 1355 τῶν
166 1323 402 1364 Ἱεροσολύμων
424 1323 538 1363 ἤρχετο
562 1326 731 1354 ποιεῖσθαι
754 1324 789 1354 τὸ
810 1323 927 1354 λοιπὸν
950 1323 1010 1362 τὴν
1031 1321 1098 1352 ἐπι-

85 1376 226 1417 μέλειαν.
269 1376 328 1407 ὅσα
353 1377 414 1416 γὰρ
438 1381 504 1407 τῶν
528 1381 644 1416 τειχῶν
670 1375 686 1415 ἢ
712 1376 775 1406 ὑπὸ
800 1380 858 1406 τοῦ
877 1377 1000 1416 χρόνου
1024 1386 1098 1406 κατ-

86 1429 240 1471 εβέβλητο
266 1428 284 1469 ἢ
308 1429 372 1460 ὑπὸ
401 1433 458 1469 τῆς
486 1429 662 1469 ὀλιγωρίας
690 1434 756 1460 τῶν
783 1429 847 1469 πρὸ
876 1428 978 1459 αὐτοῦ
1007 1430 1099 1468 βασι-

86 1481 184 1522 λέων,
213 1482 314 1513 ταῡτά
343 1480 370 1513 τ’
398 1481 602 1524 ἀνῳκοδόμει
629 1480 682 1512 καὶ
709 1481 954 1519 κατεσκεύαζεν,
984 1481 1044 1512 ὅσα
1067 1479 1095 1511 τ’

88 1533 127 1575 ἦν
151 1534 395 1575 κατεσκαμμένα
426 1534 488 1565 ὑπὸ
518 1538 576 1565 τοῦ
604 1539 670 1565 τῶν
692 1532 901 1575 Ἰσραηλιτῶν
929 1532 1099 1574 βασιλέως,

87 1589 139 1619 ὅτε
163 1589 221 1619 τὸν
244 1586 367 1628 πατέρα
387 1587 489 1618 αὐτοῦ
509 1587 620 1627 λαβὼν
639 1586 846 1628 αἰχμάλωτον
868 1588 926 1618 τὸν
943 1585 1099 1627 Ἀμασιάν

88 1642 244 1681 εἰσῆλθεν
268 1641 315 1678 εἰς
338 1641 398 1680 τὴν
417 1641 523 1671 πόλιν.
564 1641 670 1681 <219>
695 1641 970 1684 προσῳκοδόμησε
991 1638 1027 1670 δὲ
1046 1638 1099 1670 καὶ

160 1704 174 1733 ξ
190 1704 240 1727 ’315
262 1714 293 1723 =
314 1704 329 1726 4
344 1701 411 1734 Reg.
428 1701 491 1727 XIV
506 1704 552 1732 *293
573 1704 587 1727 2
602 1700 692 1726 Pax-al.
709 1700 797 1728 XXVI
815 1706 836 1727 1.
