1261 1917
492 71 616 96 omou
996 67 1059 99 209

49 152 192 192 τάξίωμα
216 156 274 183 τοῦ
299 152 445 183 πλούτου
469 150 522 182 καὶ
547 156 604 192 τῆς
628 150 811 191 ἡγεμονίας.
858 150 966 190 <188>
991 149 1062 180 δια-

49 206 184 247 μερίσας
212 203 248 236 δὲ
276 205 315 236 τὰ
344 205 472 245 ἅρματα
499 203 553 235 καὶ
583 203 750 241 διατάξας,
779 201 855 234 ὥστ’
883 201 918 234 ἐν
945 201 1062 243 ἑκάστῃ

49 259 140 290 πόλει
166 258 292 289 τούτων
316 257 462 299 ἀριθμὸν
486 256 671 298 ὡρισμένον
690 256 860 296 ὑπάρχειν,
885 255 984 292 αὐτὸς
1003 253 1063 296 μὲν

49 309 121 351 περὶ
143 310 245 341 αὑτὸν
264 309 421 351 ἐτήρησεν
440 310 546 350 ὀλίγα,
565 310 622 346 τὰς
641 307 677 340 δὲ
696 310 808 346 πόλεις
827 309 946 345 ταύτας
961 307 1063 348 ἁρμά-

23 375 116 396 ῡτων
139 364 393 405 προσηγόρευσε.
431 367 490 393 τοῦ
515 361 545 393 δ’
568 362 730 403 ἀργυρίου
752 366 911 392 τοσοῦτον
931 360 1064 400 ἐποίησε

49 419 178 458 πλῆθος
206 416 242 448 ἐν
266 415 505 457 Ἱεροσολύμοις
532 415 549 447 ὁ
573 416 728 456 βασιλεὺς
752 415 832 446 ὅσον
856 412 896 454 ἧν
920 412 971 444 καὶ
998 419 1064 444 τῶν

50 471 172 510 λίθων,
195 468 248 500 καὶ
274 474 340 501 τῶν
364 469 526 509 κεδρίνων
551 468 672 508 ξύλων,
697 468 737 499 οὐ
761 468 923 509 πρότερον
947 468 1064 505 ὅντων,

50 523 158 564 ὥσπερ
182 521 235 554 καὶ
256 528 323 553 τῶν
343 521 493 563 δένδρων
512 527 578 553 τῶν
599 523 800 562 συκαμίνων,
824 517 901 562 (ὧν)
921 520 1064 560 πληθύει

50 577 89 608 τὰ
112 581 169 617 τῆς
190 574 352 613 Ἰουδαιάς
375 576 481 607 πεδία.
524 576 632 615 <189>
656 573 833 615 προσέταξε
858 572 894 604 δὲ
918 572 971 604 καὶ
996 578 1066 610 τοῖς

12 640 37 660 ιο
52 629 206 671 ἐμπόροις
223 629 396 669 Αἰγύπτου
414 630 606 670 κομίζουσιν
625 628 713 670 αὐτῷ
732 627 929 668 πιπράσκειν
949 627 985 658 τὸ
1005 624 1066 666 μὲν

51 683 137 724 ἅρμα
166 684 229 714 σὺν
252 682 364 719 ἵπποις
388 680 486 713 δυσὶν
511 680 689 719 ἑξακοσίων
713 681 869 721 δραχμῶν
893 680 1066 721 ἀργυρίου,

52 736 150 773 αὐτός
178 747 212 766 τε
240 741 309 772 τοῖς
336 739 394 775 τῆς
419 735 547 776 Συρίας
574 736 768 775 βασιλεῦσιν
791 732 845 764 καὶ
869 738 939 770 τοῖς
961 731 1066 773 πέραν

53 788 235 829 Εὐφράτου
260 787 437 829 διέπεμπεν
460 787 590 825 αὐτούς.

120 842 227 882 <190>
251 842 428 882 γενόμενος
452 839 489 872 δὲ
512 840 646 872 πάντων
669 838 833 881 βασιλέων
855 838 1066 876 ἐνδοξότατος

14 904 38 924 15
53 894 106 926 καὶ
135 893 407 935 θεοφιλέστατος,
435 893 489 925 καὶ
518 894 678 934 φρονήσει
706 891 760 924 καὶ
786 892 917 935 πλούτῳ
943 892 1066 931 διενεγ-

53 949 121 979 κὼν
148 953 215 979 τῶν
242 948 305 988 πρὸ
335 946 437 978 αὐτοῦ
466 946 526 986 τὴν
550 945 712 987 Ἑβραίων
740 945 844 987 ἀρχὴν
873 944 1067 986 ἐσχηκότων,

54 1001 113 1032 οὐκ
143 999 287 1041 ἐνέμεινε
315 1000 445 1037 τούτοις
472 1000 548 1040 ἄχρι
577 1001 744 1040 τελευτῆς,
773 998 855 1030 ἀλλὰ
879 997 1067 1029 καταλιπὼν

54 1054 114 1094 τὴν
137 1059 203 1085 τῶν
226 1054 374 1094 πατρίων
396 1052 545 1094 ἐθισμῶν
565 1052 717 1093 φυλακὴν
737 1051 797 1082 οὐκ
817 1052 864 1089 εἰς
883 1051 999 1092 ὅμοιον
1019 1045 1068 1087 οἷς

54 1107 294 1147 προειρήκαμεν
318 1105 421 1138 αὐτοῦ
444 1105 537 1143 τέλος
560 1104 786 1146 κατέστρεψεν.
828 1104 937 1144 <191>
962 1105 1008 1141 εἰς
1033 1101 1067 1135 δὲ

15 1168 41 1188 20
56 1165 215 1199 γυναῖκας
239 1158 389 1200 ἐκμανεὶς
411 1157 465 1190 καὶ
488 1159 549 1199 τὴν
573 1164 639 1190 τῶν
665 1158 873 1199 ἀφροδισίων
897 1157 1069 1199 ἀκρασίαν,

57 1211 97 1243 οὐ
122 1217 192 1249 ταῖς
215 1211 402 1252 ἐπιχωρίοις
425 1213 542 1253 μόναις
564 1211 730 1253 ἠρέσκετο,
753 1211 876 1248 πολλὰς
900 1208 937 1241 δὲ
959 1208 1013 1241 καὶ
1035 1208 1068 1240 ἐκ

57 1270 123 1296 τῶν
143 1265 326 1305 ἀλλοτρίων
346 1263 456 1296 ἐθνῶν
476 1265 591 1305 γήμας,
612 1264 782 1301 Σιδωνίας
800 1262 854 1294 καὶ
874 1264 996 1304 Τυρίας
1015 1261 1065 1294 καὶ

54 1317 286 1359 Ἀμμανίτιδας
313 1316 367 1349 καὶ
393 1316 592 1358 Ἰδουμαίας,
620 1316 746 1358 παρέβη
775 1315 836 1358 μὲν
864 1317 942 1353 τοὺς
966 1318 1068 1347 Μωυ-

57 1370 131 1408 σεός
160 1372 296 1411 νόμους,
325 1370 361 1408 ὃς
389 1370 593 1411 ἀπηγόρευσε
622 1376 789 1402 συνοικεῖν
813 1376 884 1407 ταῖς
907 1369 966 1410 οὐχ
993 1369 1069 1410 ὁμο-

18 1432 43 1452 25
57 1425 190 1465 φύλοις,
227 1424 336 1463 <nst-2>
374 1425 451 1461 τοὺς
485 1422 514 1454 δ’
551 1423 685 1454 ἐκείνων
717 1422 837 1463 ἤρξατο
870 1422 1069 1463 θρησκεύειν

57 1478 168 1515 θεούς,
197 1481 268 1514 ταῖς
294 1475 424 1517 γυναιξὶ
448 1475 502 1508 καὶ
526 1481 570 1519 τῷ
593 1477 676 1518 πρὸς
699 1475 800 1513 αὐτὰς
824 1477 919 1517 ε”ρωτι
942 1476 1069 1516 χαριζό-

58 1541 165 1571 μενος,
188 1528 276 1561 τοῦτ’
299 1529 378 1561 αὐτὸ
398 1529 602 1570 ὑπιδομένου
621 1534 680 1561 τοῦ
700 1528 897 1570 νομοθέτου,
916 1527 970 1559 καὶ
990 1539 1069 1569 προ-

60 1584 209 1620 ειπόντος
237 1582 280 1623 μὴ
308 1587 426 1623 γαμεῖν
449 1583 506 1619 τὰς
530 1582 827 1624 ἀλλοτριοχώρους,
855 1581 910 1612 ἵνα
934 1581 977 1622 μὴ
1001 1586 1071 1618 τοῖς

60 1634 166 1673 ξένοις
186 1634 416 1673 ἐπιπλακέντες
436 1636 527 1667 ἔθεσι
547 1641 613 1667 τῶν
630 1637 777 1677 πατρίων
792 1634 968 1673 ἀποστῶσι,
988 1632 1070 1675 μηδὲ

130 1708 144 1736 ἓ
163 1707 211 1731 188
232 1718 264 1727 =
284 1709 299 1730 3
315 1705 382 1738 Reg.
403 1705 427 1730 X
443 1707 489 1736 Ξϋς
510 1708 524 1730 ‘3
540 1705 632 1731 Paral.
653 1705 689 1731 IX
704 1708 745 1731 25.
815 1707 829 1736 ἓ
847 1706 896 1730 190
917 1717 949 1726 =
970 1707 985 1730 3
1001 1703 1069 1736 Reg.

59 1747 96 1774 XI
112 1751 134 1775 1.

114 1798 238 1818 Iosnpucs.
261 1799 292 1817 ΙΙΔ
879 1796 910 1818 14
