1261 1917
156 45 221 76 304
523 46 792 71 ΑΡΧΑΙΟΛΟΓΙΔΣ

156 125 303 165 πύργους
326 126 467 162 πολλοὺς
490 126 691 165 πεντήκοντα
714 126 843 166 πήχεων
866 124 919 156 καὶ
943 124 1066 157 ἑκατόν.
1108 124 1162 156 καὶ

157 179 327 218 φρουροὺς
350 176 379 208 δ’
406 176 578 218 ἐνετείχισε
601 183 670 214 τοῖς
693 177 825 218 ἐρήμοις
843 179 984 219 χωρίοις,
1007 177 1061 209 καὶ
1085 181 1162 209 πολ-

157 232 235 267 λοὺς
259 230 390 271 ὀχετοὺς
414 230 537 271 ὤρυξεν
560 230 699 261 ὑδάτων.
741 228 783 270 ἧν
807 229 836 261 δ’
859 230 946 273 αὐτῷ
969 230 1023 261 καὶ
1045 231 1162 268 ὑποζυ-

157 284 239 322 γίων
266 281 321 313 καὶ
348 287 414 313 τῶν
441 283 551 313 ἄλλων
578 282 776 323 θρεμμάτων
804 283 940 323 ἄπειρόν
967 294 998 314 τι
1022 286 1162 323 πλῆθος·

157 335 263 374 <22Ο>
287 335 411 375 εὐφυὴς
434 335 496 375 γὰρ
519 332 561 374 ἧν
584 334 603 374 ἡ
623 335 711 375 χώρα
730 335 811 376 πρὸς
834 335 944 375 νομάς.
986 336 1163 376 γεωργικὸς
1177 343 1189 362 5

159 386 188 418 δ’
215 388 262 418 ὢν
286 388 415 428 σφόδρα
442 391 500 426 τῆς
527 390 586 426 γῆς
614 386 812 427 ἐπεμελεῖτο,
841 392 958 427 φυτοῖς
984 387 1086 427 αὐτὴν
1109 389 1162 419 καὶ

159 440 381 476 παντοδαποῖς
399 442 548 478 τιθηνῶν
567 438 736 479 σπέρμασι.
774 444 926 480 στρατιᾶς
943 438 972 470 δ’
991 437 1077 480 εἶχεν
1097 439 1164 471 ἐπι-

160 491 275 523 λέκτου
302 490 376 532 περὶ
405 491 505 522 αὑτὸν
534 491 695 531 μυριάδας
723 490 801 522 ἑπτὰ
828 490 882 522 καὶ
910 492 1098 532 τριάκοντα,
1126 490 1165 533 ἧς

158 544 315 584 ἡγεμόνες
333 541 417 583 ἦσαν
436 542 490 574 καὶ
504 543 671 583 ταξίαρχοι
690 542 744 574 καὶ
763 545 925 585 χιλιάρχοι
945 550 1092 584 γενναῖοι
1110 544 1164 575 καὶ

159 596 219 635 τὴν
240 596 343 635 ἀλκὴν
363 595 592 635 ἀνυπόστατοι,
615 596 673 626 τὸν
692 595 837 636 ἀριθμὸν
857 597 1020 637 δισχίλιοι.
1057 597 1165 637 <221>
1181 605 1205 624 10
1250 611 1253 615 ·

160 648 284 686 διέταξε
304 648 333 679 δ’
352 649 398 685 εἰς
417 648 588 689 φάλαγγας
606 648 666 688 τὴν
686 649 766 688 ὅλην
786 649 950 689 στρατιάν,
971 648 1025 680 καὶ
1045 649 1165 681 ὥπλισε

160 701 328 742 ῥομφαίαν
352 702 431 737 δοὺς
455 699 577 743 ἑκάστῳ
600 700 654 731 καὶ
674 702 817 742 θυρεοὺς
840 700 894 732 καὶ
917 702 1072 742 θώρακας
1090 705 1165 743 χαλ-

160 758 238 790 κοῦς
261 753 314 784 καὶ
338 754 414 791 τόξα
433 752 486 784 καὶ
507 753 700 793 σφενδόνας.
742 754 788 784 ἔτι
811 751 847 784 δὲ
865 752 919 784 καὶ
938 754 1019 795 πρὸς
1037 755 1166 792 τούτοις

161 807 373 846 μηχανήματα
401 806 505 837 πολλὰ
534 806 615 846 πρὸς
643 807 833 846 πολιορκίας
856 807 1084 846 κατεσκεύασε,
1111 817 1166 837 πε-

161 860 301 899 τροβόλα
329 870 363 889 τε
391 857 444 889 καὶ
474 859 638 899 δορυβόλα
664 857 730 897 [καὶ
759 858 913 900 ἀρτῆρας]
937 857 991 889 καὶ
1020 859 1167 900 ἅρπαγας
1183 866 1205 885 15
1240 880 1242 891 s

161 910 213 941 καὶ
239 911 298 941 ὅσα
321 911 450 948 τούτοις
474 911 578 951 ὅμοια.

228 963 335 1003 <222>
356 965 531 1003 γενόμενος
555 962 584 993 δ’
608 962 643 993 ἐν
662 963 796 1003 τοιαύτῃ
820 962 970 1000 συντάξει
989 962 1043 994 καὶ
1065 974 1166 1004 παρα-

162 1020 260 1056 σκευῇ
295 1016 460 1056 διεφθάρη
492 1016 552 1055 τὴν
585 1015 736 1046 διάνοιαν
762 1015 826 1046 ὑπὸ
859 1016 981 1055 τύφου,
1012 1014 1067 1046 καὶ
1090 1027 1167 1056 χαυ-

162 1067 283 1104 νωθεὶς
297 1071 404 1108 θνητῇ
418 1069 590 1109 περιουσίᾳ
609 1072 666 1107 τῆς
685 1067 854 1098 ἀθανάτου
873 1066 927 1098 καὶ
941 1068 1022 1108 πρὸς
1042 1068 1167 1099 ἅπαντα

163 1121 318 1160 διαρκοῦς
345 1121 403 1151 τὸν
431 1121 552 1161 χρόνον
581 1120 692 1160 ἰσχύος
720 1120 928 1160 ὠλιγώρησεν
951 1118 1046 1160 (αὕτη
1071 1118 1100 1150 δ’
1126 1118 1168 1159 ἧν
1183 1128 1208 1147 2⁹

162 1173 182 1212 ἡ
206 1175 287 1213 πρὸς
315 1175 373 1204 τὸν
401 1174 483 1204 θεὸν
507 1172 654 1213 εὐσέβεια
682 1171 736 1202 καὶ
765 1173 800 1203 τὸ
825 1177 936 1213 τηρεῖν
960 1172 998 1202 τὰ
1021 1172 1168 1212 νόμιμα),

163 1226 270 1265 <223>
301 1227 423 1256 ὤλισθε
452 1224 481 1256 δ’
508 1224 562 1256 ὑπ’
590 1225 767 1266 εὐπραγίας
794 1223 847 1255 καὶ
876 1223 1059 1265 κατηνέχθη
1088 1226 1169 1265 πρὸς

164 1279 202 1308 τὰ
230 1283 288 1309 τοῦ
316 1279 437 1319 πατρὸς
465 1277 690 1318 ἁμαρτήματα,
720 1277 801 1316 πρὸς
830 1276 849 1307 ἃ
876 1276 1028 1307 κάκεῖνον
1056 1276 1075 1316 ἡ
1104 1282 1169 1308 τῶν

164 1331 302 1370 ἀγαθῶν
331 1331 515 1371 λαμπρότης
543 1329 596 1360 καὶ
627 1331 662 1360 τὸ
694 1329 833 1370 με’γεθος
863 1329 937 1370 τῶν)
961 1329 1169 1370 πραγμάτων,

165 1383 205 1414 οὐ
233 1383 421 1423 δυνηθέντα
449 1387 628 1424 προστῆναι
657 1385 763 1419 καλῶς
790 1381 912 1422 αὐτῶν,
939 1382 1070 1421 ἤγαγεν.
1118 1381 1169 1412 ε’ν-
1184 1388 1208 1408 25
1246 1385 1248 1387 ’

166 1436 284 1475 στιίσης
309 1435 338 1466 δ’
360 1435 481 1476 ἡμέρας
501 1434 659 1475 ἐπισήμου
678 1433 731 1466 καὶ
750 1434 922 1475 πάνδημον
945 1433 1059 1475 ἑορτὴν
1079 1432 1169 1474 ε’χού-

167 1497 238 1528 σης,
267 1488 363 1525 ε’νδὺς
387 1488 552 1529 ἱερατικὴν
577 1487 696 1527 στολὴν
720 1487 874 1527 εἰσῆλθεν
898 1488 944 1523 εἰς
966 1487 1002 1517 τὸ
1026 1484 1168 1526 τέμενος,

167 1541 395 1581 ἑπιθυμιάσων
419 1540 471 1571 ἐπὶ
495 1545 552 1571 τοῦ
577 1544 700 1580 χρυσοῦ
724 1541 836 1580 βωμοῦ
863 1543 907 1580 τῷ
930 1542 1007 1580 θεῷ.
1053 1538 1169 1577 <224>

166 1598 224 1624 τοῦ
255 1593 284 1623 δ’
316 1592 490 1633 ἀρχιερέως
517 1592 678 1632 Ἀζαρίου,
709 1593 815 1623 ὄντων
846 1593 907 1621 σὺν
937 1590 1024 1632 αὐτῷ
1056 1589 1170 1631 ἱερέων

167 1646 382 1685 ὀγδοήκοντα,
410 1645 594 1681 κωλύοντος
622 1644 722 1675 αὐτόν
750 1643 803 1684 (οὐ
831 1644 892 1685 γὰρ
922 1642 994 1680 ἐξὸν
1019 1642 1170 1674 ἐπιθύειν
1185 1651 1210 1670 30

238 1708 252 1736 ξ
268 1708 318 1731 219
340 1718 371 1726 =
392 1707 406 1729 2
423 1704 511 1730 Paral.
528 1704 615 1729 XXVI
634 1707 671 1730 10.
