1261 1917
529 48 626 73 EKTH
1041 47 1082 77 27

68 129 216 169 ρουχίας,
243 128 260 159 ὁ
285 133 343 160 τοῦ
369 129 524 160 Σαούλου
548 134 624 165 παῖς
648 128 707 160 οὐκ
733 127 919 168 ἐπακηκοὼς
943 133 1001 169 τῆς
1024 133 1083 160 τοῦ

67 182 190 222 πατρὸς
217 181 298 222 ἀρᾶς
326 180 404 212 οὐδὲ
433 186 489 222 τῆς
518 180 566 213 ἐπ’
593 181 674 222 αὐτῇ
703 186 762 212 τοῦ
791 182 943 221 πλήθους
967 181 1082 222 ὁμολο-

68 236 149 274 γίας,
174 234 363 271 ἀποθλίψας
388 247 417 266 τι
442 237 558 276 κηρίον
582 239 640 266 τοῦ
666 234 795 275 μέλιτος
822 235 926 274 ἤσθιε.
975 235 1082 274 <119>

66 288 185 328 μεταξὺ
210 286 245 318 δὲ
271 289 371 327 γνοὺς
395 288 444 319 ὅτι
469 289 547 329 μετὰ
568 288 679 328 δεινῆς
703 287 784 328 ἀρᾶς
803 287 820 319 ὁ
840 288 946 328 πατὴρ
967 287 1082 319 ἀπεῖπε

39 340 109 381 ὁμὴ
141 341 326 380 γεύσασθαί
357 353 430 372 τινα
463 342 526 383 πρὸ
555 341 651 381 ἡλίου
680 341 831 382 δυσμῶν,
865 340 989 372 ἐσθίων
1022 339 1082 381 μὲν

66 392 243 433 ἐπαύσατο,
273 395 334 435 ἔφη
360 393 390 425 δ’
417 394 476 425 οὐκ
505 395 617 435 ὀρθῶς
645 399 741 425 τοῦτο
771 396 915 425 κωλῦσαι
940 394 998 425 τὸν
1022 405 1081 425 πα-

65 445 154 487 τέρα’
180 448 259 487 μετὰ
279 449 426 488 μείζονος
446 448 507 488 γὰρ
528 448 640 488 ἰσχύος
660 446 701 478 ἂν
720 446 771 478 καὶ
794 449 985 488 προθυμίας
1005 447 1081 478 διώ-

65 510 196 539 κοντας,
221 501 251 531 εἰ
273 505 399 541 τροφῆς
423 500 684 542 μετελάμβανον,
714 503 823 543 πολλῷ
848 502 1003 537 πλείονας
1027 499 1078 531 καὶ

66 554 179 593 λαβεῖν
203 559 269 585 τῶν
295 553 426 595 ἐχθρῶν
450 553 503 585 καὶ
528 558 701 594 φονεῦσαι.

26 616 50 636 ιο
132 606 240 647 <120>
264 608 387 644 πολλὰς
418 606 447 638 δ’
474 604 535 638 οὖν
559 608 802 644 κατακόψαντες
828 606 992 647 μυριάδας
1016 612 1081 637 τῶν

67 661 314 699 Παλαιστινῶν,
344 661 454 700 δείλης
482 660 580 697 ὀψίας
609 659 659 691 ἐπὶ
691 660 878 700 διαρπαγὴν
901 664 960 690 τοῦ
985 668 1080 700 στρα-

65 712 206 744 τοπέὸόυ
225 718 292 744 τῶν
312 715 547 744 Παλαιστινῶν
567 712 752 754 τρέπονται,
772 712 823 744 καὶ
846 714 938 744 λείαν
955 713 1081 753 πολλὴν

64 765 115 796 καὶ
158 766 345 806 βοσκήματα
383 767 539 806 λαβόντες
575 766 856 806 κατασφάττουσι,
895 764 948 796 καὶ
987 763 1078 796 ταῦτ’

65 819 182 859 ἔναιμα
210 820 400 858 κατήσθιον.
440 818 676 858 ἀπαγγέλλεται
711 817 746 849 δὲ
780 823 824 861 τῷ
860 820 989 859 βασιλεῖ
1017 817 1080 849 ὑπὸ

26 881 50 900 15
65 877 131 902 τῶν
156 870 372 912 γραμματέων
396 872 442 902 ὅτι
470 872 506 902 τὸ
531 874 660 911 πλῆθος
684 872 730 908 είς
754 872 812 902 τὸν
836 872 919 902 θεὸν
944 870 1080 912 ἐξαμαρ-

64 924 153 955 τάνει
178 927 289 955 θῦσαν
312 923 365 955 καὶ
390 924 470 965 πρὶν
496 924 512 964 ἢ
537 926 573 955 τὸ
594 920 673 965 αἷμα
692 927 799 961 καλῶς
819 924 1005 956 ἀποπλῦναι
1025 923 1077 955 καὶ

64 978 120 1014 τὰς
153 977 275 1017 σάρκας
307 982 441 1018 ποιῆσαι
474 978 625 1018 καθαρὰς
658 977 783 1008 ἐσθίον.
839 978 947 1017 <121>
975 976 1027 1008 καὶ
1063 977 1079 1008 ὁ

65 1029 216 1067 Σάουλος
246 1031 370 1061 κελεύει
401 1033 601 1071 κυλισθῆναι
634 1032 734 1062 λίθον
765 1030 867 1071 μέγαν
897 1031 944 1067 είς
967 1029 1079 1071 μέσον,

64 1081 116 1114 καὶ
140 1083 291 1123 κηρύττει
316 1084 414 1114 θύειν
439 1083 487 1115 ἐπ’
510 1084 613 1115 αὐτοῦ
632 1085 691 1115 τὸν
710 1085 809 1124 ὄχλον
828 1084 867 1114 τὰ
893 1084 1004 1124 ἱερεῖα,
1026 1083 1080 1114 καὶ

25 1136 103 1166 ποτὰ
127 1135 205 1176 κρέα
229 1137 272 1177 μὴ
297 1138 359 1167 σὺν
383 1141 427 1178 τῷ
451 1137 563 1177 αἵματι
588 1137 782 1168 δαίνυσθαι·
812 1141 908 1168 τοῦτο
934 1137 996 1177 γὰρ
1021 1137 1080 1167 οὐκ

65 1187 149 1220 εἶναι
178 1194 222 1231 τῷ
251 1192 319 1232 θεῷ
347 1189 594 1230 κεχαρισμένον.
645 1194 742 1221 τοῦτο
772 1188 809 1221 δὲ
837 1190 971 1221 πάντων
999 1191 1079 1221 κατὰ

64 1242 124 1282 τὴν
148 1242 325 1282 πρόσταξιν
349 1248 409 1274 τοῦ
432 1243 591 1283 βασιλέως
614 1243 834 1283 ποιησάντων,
861 1244 990 1283 ἵστησιν
1015 1243 1081 1274 ἐκεῖ

65 1296 178 1336 βωμὸν
206 1295 223 1326 ὁ
253 1295 404 1333 Σάουλος
431 1295 484 1326 καὶ
515 1296 750 1327 ὡλοκαύτωσεν
782 1296 875 1335 [ἐκεῖ]
901 1294 950 1327 ἐπ’
977 1295 1080 1327 αὐτοῦ

64 1353 108 1390 τῷ
134 1352 210 1390 θεῷ.
257 1353 375 1380 τοῦτον
399 1354 530 1389 πρῶτον
555 1350 668 1390 βωμὸν
691 1350 936 1380 κατεσκεύασεν.

25 1409 50 1429 25
132 1401 217 1440 <1⁵22
265 1402 358 1441 ἄγειν
383 1401 413 1432 δ’
441 1402 544 1439 εὐθὺς
568 1402 628 1442 τὴν
652 1403 809 1443 στρατιὰν
834 1401 884 1433 ἐπὶ
910 1403 970 1442 τὴν
999 1413 1079 1443 παρ·
1101 1411 1110 1423 ’“

67 1455 210 1495 εμβολὴν
243 1461 309 1486 τῶν
343 1457 509 1495 πολεμίων
548 1454 600 1486 ἐπὶ
632 1455 693 1495 τὴν
727 1456 914 1496 διαρπαγὴν
944 1454 1016 1499 τῶνξ
1045 1455 1080 1486 ἐν

65 1507 145 1548 αὐτῇ
165 1509 368 1548 βουλόμενος
386 1507 467 1548 πρὶν
488 1507 617 1549 ἡμέρας,
637 1507 690 1539 καὶ
710 1513 777 1539 τῶν
792 1514 1001 1549 στρατιωτῶν
1021 1509 1080 1540 οὐκ

66 1560 254 1591 ὀκνούντων
278 1560 432 1597 ἕπεσθαι,
461 1561 588 1601 πολλὴν
612 1560 642 1592 δ’
670 1562 717 1598 είς
740 1561 760 1592 ἃ
784 1561 976 1602 προστάττει
1001 1572 1079 1602 προ-

65 1615 192 1654 θυμίαν
217 1613 493 1654 ἐνδεικνυμένων,
521 1613 660 1651 καλέσας
684 1614 700 1646 ὁ
730 1616 884 1655 βασιλεὺς
905 1613 1081 1655 Ἀχίτωβον

26 1673 52 1692 ³0
66 1667 124 1697 τὸν
152 1665 319 1707 ἀρχιερέα,
352 1665 522 1698 ἐκέλευσεν
550 1667 652 1698 αὐτὸν
682 1673 807 1707 γνῶναι
837 1668 867 1699 εἰ
895 1668 1034 1699 δίδωσιν
1063 1668 1080 1699 ὁ

137 1730 151 1758 ξ
170 1730 217 1752 119
239 1740 271 1748 =
295 1731 304 1752 1
323 1726 390 1760 Reg.
410 1727 474 1752 XIV
490 1730 531 1754 30.
