1261 1917
124 1521 142 1551 6

160 70 225 101 200
528 72 798 97 ΑΡΧΑΙΟΛΟΓῙΑΣ

160 149 333 191 ἀνέθηκεν,
358 152 405 182 ἔτι
429 163 462 182 τε
482 151 565 192 ὕλην
585 152 692 190 ξύλων
716 152 871 184 ἀπελθὼν
891 154 1007 190 ἔκοψεν
1029 153 1092 184 ἀπὸ
1112 158 1173 185 τοῦ

160 204 259 244 ὄρους
283 208 342 235 τοῦ
367 204 546 245 λεγομένου
566 205 716 246 Λιβάνου
741 206 788 243 εἰς
811 207 867 243 τὰς
891 212 956 237 τῶν
980 207 1078 247 ἱερῶν
1102 205 1171 237 στέ-

161 268 230 295 γας,
254 256 362 297 <146>
386 258 538 289 καθελών
563 269 596 289 τε
620 259 658 289 τὰ
679 258 796 299 ἀρχαῖα
821 259 891 299 ἱερὰ
913 258 965 290 καὶ
986 260 1068 290 ναὸν
1092 258 1172 301 ᾠκο-

162 310 283 350 δόμησε
306 314 365 341 τοῦ
381 309 581 351 Ἡρακλέους
604 310 658 342 καὶ
682 312 740 342 τὸν
764 316 821 351 τῆς
839 310 1021 353 Ἀστάρτης,
1045 313 1173 353 πρῶτός

162 373 194 393 τε
222 367 281 394 τοῦ
307 361 506 404 “Ηρακλεόυς
534 365 663 405 ἔγερσιν
693 363 866 403 ἐποιήσατο
896 363 932 395 έν
959 369 1003 407 τῷ
1028 365 1171 407 Περιτίῳ

162 416 248 455 μηνί.
288 421 356 452 τοῖς
378 427 411 447 τε
429 415 599 453 Ἰτυκαίοις
619 415 893 457 ἐπεστρατεύσατο
913 417 956 458 μὴ
977 416 1173 448 ἀποδιδοῦσι

162 469 238 504 τοὺς
267 469 408 509 φόρους,
440 468 493 499 καὶ
523 468 685 506 ὑποτάξας
717 469 816 500 πάλιν
849 469 936 512 αὑτῷ
965 469 1173 510 ἀνέστρεψεν.

161 519 213 551 ἐπὶ
237 521 356 551 τούτου
379 519 421 560 ἧν
438 520 639 562 Ἀβδήμονος
661 527 738 558 παῖς
761 522 928 563 νεώτερος,
953 522 989 559 ὃς
1012 521 1061 553 ἀεὶ
1083 521 1173 553 ἐνίκα

161 573 250 603 λύων
274 574 312 603 τὰ
338 574 565 614 προβλήματα,
592 573 611 604 ἃ
637 573 790 606 ἐπέτασσε
813 575 976 615 Σολομὼν
1000 575 1016 606 ὁ
1037 574 1173 616 Ἱεροσο-

162 625 274 665 λύμων
298 625 472 666 βασιλεύςῖ
518 627 626 666 <147>
652 628 848 668 μνημονεύει
878 626 914 658 δὲ
940 626 993 658 καὶ
1017 631 1100 665 Δῖος
1124 627 1174 659 λε’-

163 689 231 717 γων
260 678 364 715 οὕτως
389 677 577 719 εἈβιβάλου
606 681 860 719 τελευτήσαντος
887 680 959 717 υίὸς
987 679 1089 711 αὐτοῦ
1117 681 1175 711 Εἴ-

164 742 265 771 ραμος
290 730 510 771 ἐβασίλευσεν.
557 729 654 769 οὗτος
672 733 711 763 τὰ
729 734 810 773 πρὸς
830 732 991 769 ἀνατολὰς
1014 731 1095 773 μέρη
1118 737 1176 773 τῆς

162 784 287 820 πόλεως
306 783 502 824 προσέχωσε,
522 783 575 814 καὶ
598 785 708 824 μεῖζον
726 785 762 815 τὸ
782 785 864 815 ἄστυ
884 784 1024 824 ε’ποίησε,
1044 783 1097 815 καὶ
1117 789 1176 816 τοῦ

160 834 338 876 Ὀλυμπίου
357 837 440 873 Διὸς
464 837 499 867 τὸ
523 837 613 877 ιἐρὸν
636 836 714 868 καθ’
737 836 834 868 ἑαυτὸ
854 837 893 868 ὃν
914 837 949 868 ἐν
968 838 1057 880 νήσῳ
1078 836 1176 878 ἐγχώ-

163 897 221 925 σας
250 890 307 919 τὸν
335 889 453 929 μεταξὺ
482 890 583 920 τόπον
613 894 739 930 συνῆψε
770 894 807 931 τῇ
836 891 928 921 πόλει
959 888 1012 921 καὶ
1041 895 1175 931 χρυσοῖς

163 940 374 982 ἀναθήμασιν
407 941 594 982 ἐκόσμησεν.
646 942 770 983 ἀναβὰς
798 941 828 973 δ’
860 943 906 979 εἰς
939 943 997 973 τὸν
1026 944 1175 983 Λίβανον

164 993 344 1034 ὑλοτόμησε
363 994 445 1034 πρὸς
464 993 524 1033 τὴν
543 999 609 1024 τῶν
629 994 727 1035 ἱερῶν
744 995 957 1034 κατασκευήν.
993 994 1102 1035 <148>
1117 996 1176 1026 τὸν

164 1044 199 1077 δὲ
223 1050 451 1086 τυραννοῦντα
472 1045 708 1087 Ἱεροσολύμων
732 1048 916 1087 Σολομῶνα
940 1045 1063 1087 πέμψαι
1093 1046 1174 1087 φασὶ

162 1099 244 1139 πρὸς
272 1099 330 1130 τὸν
359 1099 510 1139 Εἴραμον
539 1100 728 1140 αἰνίγματα,
758 1098 812 1130 καὶ
841 1100 937 1130 λύσιν
965 1099 1041 1140 παρ’
1072 1101 1174 1131 αὐτοῦ

164 1153 278 1191 λαβεῖν
301 1151 426 1191 ἀξιοῦν,
449 1152 508 1183 τὸν
532 1150 568 1182 δὲ
588 1152 630 1192 μὴ
650 1151 838 1192 δυνηθέντα
861 1152 1026 1194 διακρῖναι
1051 1158 1095 1195 τῷ
1120 1154 1174 1184 λύ-

164 1212 257 1234 σαντι
281 1203 417 1245 χρήματ’
440 1204 618 1236 ἀποτίνειν.
665 1205 773 1245 <149>
794 1205 1041 1246 ὁμολογήσαντα
1061 1204 1097 1236 δὲ
1116 1206 1175 1237 τὸν

163 1257 313 1297 Εἵραμον
336 1256 389 1288 καὶ
414 1258 457 1298 μὴ
482 1257 670 1297 δυνηθέντα
694 1260 791 1289 λῦσαι
815 1259 853 1289 τὰ
873 1259 1048 1299 αἰνίγματα
1070 1259 1175 1289 πολλὰ

163 1315 228 1340 τῶν
261 1310 435 1351 χρημάτων
464 1311 510 1347 εἰς
537 1311 573 1341 τὸ
604 1310 771 1351 ἐπιζήμιον
804 1310 980 1342 ἀναλῶσαι.
1027 1308 1095 1342 εἶτα
1128 1309 1173 1341 δι’

160 1361 344 1403 Ἀβδήμονά
364 1375 437 1394 τινα
457 1364 579 1404 Τύριον
598 1364 704 1405 ἄνδρα
724 1364 762 1394 τὰ
781 1363 985 1405 προτεθέντα
1005 1366 1101 1395 λῦσαι
1120 1362 1173 1395 καὶ

163 1413 264 1445 αὐτὸν
292 1415 375 1446 ἄλλα
403 1417 596 1456 προβαλεῖν,
625 1415 644 1446 ἃ
668 1416 711 1456 μὴ
735 1416 880 1447 λύσαντα
908 1417 966 1447 τὸν
990 1419 1172 1457 Σολομῶνα
1188 1426 1215 1444 25

163 1468 267 1499 πολλὰ
291 1473 335 1510 τῷ
358 1469 494 1511 Εἶράμῳ
518 1474 757 1510 προσαποτῖσαι
782 1469 950 1510 χρήματα.’

229 1519 282 1550 καὶ
306 1523 389 1557 Δῖος
413 1519 472 1561 μὲν
496 1521 600 1558 οὕτως
624 1524 763 1562 εἴρηκεν·
789 1522 905 1561 <150>
934 1521 1001 1552 ἐπεὶ
1030 1521 1060 1553 δ’
1088 1521 1171 1562 ἑώρα

163 1573 201 1602 τὰ
230 1578 296 1603 τῶν
320 1572 556 1614 Ἱεροσολύμων
585 1575 672 1614 τείχη
701 1574 718 1604 ὁ
747 1575 901 1614 βασιλεὺς
928 1575 1064 1614 πύργων
1091 1576 1172 1616 πρὸς

163 1624 346 1665 ἀσφάλειαν
374 1626 512 1666 δεόμενα
545 1625 598 1656 καὶ
632 1631 688 1666 τῆς
721 1627 821 1666 ἄλλης
854 1626 1050 1667 ὀχυρότητος
1079 1628 1172 1668 (πρὸς

163 1678 224 1719 γὰρ
253 1678 396 1719 τάξίωμα
424 1683 481 1718 τῆς
508 1680 633 1715 πόλεως
660 1678 769 1718 ἡγεῖτο
799 1679 869 1710 δεῖν
897 1678 950 1710 καὶ
978 1681 1056 1717 τοὺς
1083 1691 1172 1722 περι-
1187 1688 1213 1708 30

234 1740 248 1772 (ᾗ
266 1741 314 1764 150
334 1751 366 1760 =
387 1741 402 1763 3
416 1738 482 1771 Reg⁴
498 1738 535 1764 IX
553 1742 591 1764 15.

1191 636 1216 655 10

1192 899 1214 918 15

1248 1115 1261 1234 {i

1259 1236 1261 1257 1

1252 1635 1254 1654 1

1253 1745 1256 1760 ἢ
