1261 1917
552 53 649 76 EKTH
1066 50 1107 81 57

96 130 301 172 ’Λχιμέλεχον
324 130 378 163 καὶ
402 132 462 172 τὴν
486 132 602 171 γενεὰν
621 131 737 163 αὐτοῦ·
762 129 845 171 ἦσαν
870 129 905 162 δὲ
925 131 1043 168 πάντες
1067 127 1117 168 ὡς’

97 184 193 216 πέντε
222 183 272 215 καὶ
304 186 493 224 τριακόσιοι.
538 183 667 225 πέμψας
696 183 726 215 δ’
757 184 773 215 ὁ
801 185 954 221 Σάουλος
981 183 1035 215 καὶ
1064 185 1110 221 εἰς

98 238 158 277 τὴν
172 239 270 268 πόλιν
286 243 350 269 τῶν
371 237 485 278 ἱερέων
503 239 620 278 Ναβᾶν
637 237 761 274 πάντας
780 236 807 268 τ’
825 237 946 274 αὐτοὺς
965 236 1110 281 ἀπέκτει-

100 301 166 327 νεν,
190 290 230 321 οὐ
250 296 427 330 γυναικῶν,
452 290 491 322 οὐ
516 292 642 330 νηπίων
666 289 738 322 οὐδ’
765 291 865 330 ἄλλης
888 289 1016 330 ἡλικίας
1039 301 1109 330 φει-

71 352 83 371 5
99 343 249 384 σάμενος,
269 343 371 383 αὐτήν
391 342 418 374 τ’
438 342 603 383 ἐνέπρησε.
640 343 748 383 <261>
765 343 954 380 διασώζεται
979 341 1014 374 δὲ
1033 349 1110 379 παῖς

99 391 145 433 εἷς
158 395 364 437 Ἀχιμελέχου
378 395 574 437 Ἀβιάθαρος
589 397 701 437 ὄνομα.
735 400 836 427 ταῦτα
853 395 965 436 μέντοι
981 407 1017 435 γε
1033 404 1109 426 συν-

99 448 156 489 έβη
176 449 288 486 καθὼς
306 450 557 489 προυφήτευσεν
577 449 594 480 ὁ
614 450 692 486 θεὸς
712 453 755 491 τῷ
775 449 921 489 ἀρχιερεῖ
935 447 1036 487 Ἠλεί,
1057 448 1111 479 διὰ

98 502 155 539 τὰς
173 507 240 533 τῶν
259 503 342 534 υῐῶν
361 502 463 534 αὐτοῦ
480 501 565 544 [δύο]
581 504 788 543 παρανομίας
803 502 904 533 εἰπὼν
923 501 1111 542 διαφθαρή-

99 558 217 586 σεσθαι
241 557 318 592 τοὺς
342 554 506 595 ἐκγόνους.

61 616 84 635 10
165 609 271 647 (262)-
297 609 449 645 Σαουλος
478 607 508 639 δ’
539 608 556 639 ὁ
581 609 735 649 βασιλεὺς
764 608 854 648 ὠμὸν
882 607 986 645 οὕτως
1015 609 1112 648 ἔργον

100 661 360 701 (διαπραξάμενος
375 660 425 692 καὶ
445 662 561 701 γενεὰν
576 662 657 701 ὅλην
676 661 902 702 ἀρχιερατικῆς
921 660 1113 701 ἀποσφάξας

93 718 208 754 τιμῆς,
242 712 293 744 καὶ
326 713 401 754 μήτ’
433 712 483 744 ἐπὶ
518 716 648 754 νηπίοις
677 714 787 754 λαβὼν
815 711 927 745 οἶκτον
955 712 1028 754 μήτ’
1061 712 1111 744 ἐπὶ

102 766 256 806 γέρουσιν
285 767 383 800 αἰδῶ.
411 767 605 807 καταβαλὼν
634 765 669 797 δὲ
697 766 749 797 καὶ
781 767 840 806 τὴν
867 768 966 797 πόλιν
989 766 1030 806 ἣν
1053 777 1112 797 πα-

102 820 196 858 τρίδα
220 818 272 850 καὶ
298 820 423 859 τροφὸν
447 825 513 850 τῶν
538 819 653 859 ιἐρέων
681 818 733 850 καὶ
759 825 939 859 προφητῶν
967 819 1046 850 αὐτὸ
1075 820 1112 850 τὸ

62 882 85 901 15
102 875 197 903 θεῖον
222 871 390 909 ἐπελέξατο
412 871 465 903 καὶ
485 874 590 912 μόνην
611 873 656 909 εἰς
676 873 712 903 τὸ
732 873 902 908 τοιούτους
922 871 1037 912 φέρειν
1057 873 1113 903 ἄν-

102 926 182 964 δρας
208 924 369 964 ἀπέδειξε,
398 928 520 965 μαθεῖν
548 925 647 956 ἅπασι
672 925 811 966 παρέσχε
835 924 888 956 καὶ
913 930 1112 965 κατανοῆσαι

101 979 159 1009 τὸν
187 977 401 1018 ἀνθρώπινον
430 979 566 1018 τρόπον,
600 978 708 1018 <263>
737 978 785 1009 ὅτι
816 977 909 1019 με’χρι
941 977 1000 1019 μέν
1029 979 1113 1009 εἰσιν

102 1031 232 1062 ἰδιῶταί
253 1042 339 1067 τινες
364 1030 415 1062 καὶ
441 1033 604 1067 ταπεινοί,
633 1036 677 1073 τῷ
706 1031 748 1072 μὴ
773 1032 939 1062 δύνασθαι
969 1034 1113 1072 χρῆσθαι

101 1088 137 1124 τῇ
163 1084 260 1123 φύσει
285 1082 366 1124 μηδὲ
386 1087 510 1124 τολμᾶν
530 1084 589 1115 ὅσα
608 1084 779 1123 θέλουσιν,
804 1083 955 1121 ἐπιεικεῖς
977 1083 1037 1115 εἰσὶ
1059 1083 1113 1115 καὶ

62 1146 87 1165 2⁰
101 1136 226 1177 μέτριοι
251 1136 301 1168 καὶ
329 1139 432 1177 μόνον
457 1138 613 1168 διώκουσι
638 1138 674 1168 τὸ
696 1138 824 1168 δίκαιον
848 1137 899 1168 καὶ
925 1138 1007 1178 πρὸς
1026 1137 1113 1179 αὐτῷ

101 1190 161 1229 τὴν
185 1194 293 1221 πᾶσαν
318 1191 452 1221 ἔννοιαν
475 1189 527 1221 καὶ
553 1190 703 1230 σπουδὴν
728 1191 847 1231 ἔχουσι.
894 1191 965 1221 τότε
995 1188 1031 1221 δὲ
1060 1189 1111 1221 καὶ

101 1241 172 1281 περὶ
199 1247 257 1273 τοῦ
279 1245 373 1274 θείου
396 1244 649 1274 πεπιστεύκασιν
670 1243 717 1274 ὅτι
738 1248 816 1274 πᾶσι
836 1249 905 1280 τοῖς
927 1242 1114 1284 γινομένοις

103 1294 138 1325 ἐν
157 1299 200 1337 τῷ
221 1297 281 1337 βίῳ
301 1295 446 1336 πάρεστι,
465 1295 518 1327 καὶ
539 1295 578 1327 οὐ
597 1294 700 1336 τᾶργα
719 1298 823 1337 μόνον
838 1296 898 1338 ὁρᾷ
918 1297 955 1327 τὰ
976 1297 1114 1337 πραττό-

102 1359 193 1388 μενα,
218 1347 299 1379 ἀλλὰ
323 1348 377 1379 καὶ
402 1349 458 1385 τὰς
482 1349 631 1386 διανοίας
656 1349 716 1388 ἤδη
742 1354 855 1389 σαφῶς
877 1346 967 1380 οἶδεν
987 1348 1044 1389 ἀφ’
1067 1346 1114 1380 ὧν

62 1410 86 1428 25
102 1399 210 1440 μέλλει
245 1399 335 1431 ταῦτ’
366 1402 509 1432 ἔσεσθαι.
556 1402 671 1440 <264>
706 1401 784 1432 ὅταν
817 1400 847 1432 δ’
883 1402 929 1438 εἰς
963 1401 1115 1439 ἐξουσίαν

101 1453 291 1493 παρέλθωσι
316 1453 369 1484 καὶ
390 1454 599 1493 δυναστείαν,
623 1455 694 1485 τότε
716 1453 811 1485 πάντ’
834 1454 942 1485 ἐκεῖνα
962 1454 1114 1495 μετεκδυ-

102 1505 247 1546 σάμενοι,
271 1505 322 1537 καὶ
345 1507 453 1546 ὥσπερ
478 1505 529 1537 ε’πὶ
550 1511 672 1547 σκηνῆς
695 1513 884 1547 προσωπεῖα
907 1508 946 1538 τὰ
968 1507 1035 1547 ἤθη
1060 1506 1113 1538 καὶ

103 1560 178 1596 τοὺς
193 1561 334 1599 τρόπους
350 1558 561 1600 ἀποθέμενοι,
581 1560 866 1600 μεταλαμβάνουσι
882 1561 1016 1600 τόλμαν,
1036 1559 1113 1591 ἀπό-

102 1622 207 1646 νοιαν,
226 1613 472 1653 καταφρόνησιν
492 1612 717 1653 ἀνθρωπίνων
738 1624 772 1643 τε
791 1612 842 1643 καὶ
864 1616 980 1643 θείων·
1007 1613 1115 1652 <265>

64 1663 153 1695 Βυκαὶ
181 1665 232 1696 ὅτε
256 1665 395 1706 μάλιστα
419 1666 472 1696 δεῖ
493 1669 550 1705 τῆς
574 1665 740 1706 εὐσεβείας
769 1665 881 1702 αὐτοῖς
906 1664 958 1696 καὶ
986 1670 1042 1706 τῆς
1066 1666 1113 1696 δι-

174 1727 188 1756 3
204 1728 252 1751 261
276 1738 307 1746 =
330 1729 341 1750 1
358 1725 426 1758 Reg.
447 1725 523 1751 xxn
538 1729 579 1751 ρο.

1134 616 1147 640 7
