1261 1917
518 53 616 77 ΕΚΤΗ
1036 53 1078 84 79

64 133 188 175 ὁδηγῷ,
219 132 273 164 καὶ
307 133 501 174 καταλαβὼν
530 133 652 170 αὐτοὺς
680 132 731 164 ἐπὶ
761 138 821 174 γῆς
852 133 1079 175 ἐρριμμένους,

63 185 117 217 καὶ
140 187 217 223 τοὺς
240 184 301 227 μὲν
324 185 536 227 ἀριστῶντας,
566 188 644 223 τοὺς
667 185 702 217 δὲ
727 185 781 217 καὶ
805 188 992 227 μεθύοντας
1014 187 1077 227 ’ἤδη

63 237 116 270 καὶ
141 238 340 280 λελυμένους
363 239 426 270 ὑπὸ
456 243 515 270 τοῦ
544 242 639 270 οἴνου
666 238 720 270 καὶ
750 245 816 270 τῶν
841 240 1000 280 λαφύρων
1023 239 1078 270 καὶ

63 296 120 332 τῆς
153 293 241 328 λείας
279 291 523 330 ἀπολαύοντας,
562 291 725 323 ἐπιπεσὼν
761 293 939 332 αι’φνιδίως
971 294 1078 324 πολὺν

36 355 49 375 6
64 345 173 376 αὐτῶν
196 346 303 385 φόνον
328 345 515 385 εἰργάσατο·
545 343 664 385 γυμνοὶ
694 345 755 385 γὰρ
780 346 873 382 ὄντες
896 344 949 376 καὶ
974 344 1080 386 μηδὲν

63 398 310 439 προσδοκῶντες
325 402 488 434 τοιοῦτον,
508 397 589 428 ἀλλὰ
605 398 687 438 πρὸς
702 398 737 429 τὸ
753 399 863 429 πίνειν
877 397 931 429 καὶ
947 399 1077 439 εὐωχεῖ-

63 454 144 482 σθαι
168 450 393 492 τετραμμένοι,
417 451 537 487 πάντες
558 448 640 490 ἦσαν
660 450 921 491 εὐκατέργαστοι.
967 452 1076 492 <3όὸ>

63 503 116 535 καὶ
149 505 184 535 οἳ
213 503 274 545 μὲν
307 504 416 535 αὐτῶν
450 505 497 535 ἔτι
530 509 597 535 τῶν
630 506 796 544 τραπεζῶν
828 503 1079 545 παρακειμένων

64 556 443 598 ἐπικαταλαμβανόμενοι
463 557 540 598 παρ’
567 557 682 594 αὐταῖς
702 557 897 598 ἀνῃροῦντο,
924 556 977 588 καὶ
997 569 1078 598 παρ-

24 620 50 640 10
65 609 182 651 ε’συρεν
205 611 315 642 αὐτῶν
338 611 376 642 τὰ
401 613 488 642 σιτία
511 610 563 642 καὶ
590 611 649 651 τὴν
673 611 802 652 τροφὴν
825 612 861 642 τὸ
884 606 977 652 αἷμα,
1002 613 1080 648 τοὺς

64 662 99 694 δὲ
124 663 356 704 δεξιουμένους
385 663 547 704 ἀλλήλους
575 670 646 701 ταῖς
669 665 848 704 προπόσεσι
873 663 1078 705 διέφθειρεν,

64 716 174 754 ἐνίους
202 715 237 748 ὁὲ
267 716 320 748 καὶ
351 718 433 758 πρὸς
462 717 568 748 ὕπνον
596 718 660 748 ὑπὸ
689 721 748 748 τοῦ
777 717 920 758 ἀκράτου
944 728 1078 757 κατενη-

62 769 250 810 νεγμένους.
297 770 413 802 ὁπόσοι
434 769 464 801 δ’
487 771 641 811 ἔφθασαν
665 769 877 811 περιθέμενοι
896 771 953 807 τὰς
976 781 1078 801 πανο-

62 825 159 860 πλιάς
184 822 215 860 ἐξ
241 822 393 860 ἐναντίας
417 823 503 866 αὐτῷ
529 828 659 864 στῆναι,
688 824 826 860 τούτους
855 821 954 854 οὐδὲν
977 820 1077 863 ἧττον

23 885 47 904 15
63 876 204 917 εὐχερῶς
227 882 294 907 τῶν
313 881 449 917 γυμνῶν
468 875 710 917 κατακειμένων
730 875 924 917 ἀπέσφαττε.
966 875 1075 915 (364)

63 928 231 970 διέμειναν
255 928 285 960 δ’
312 930 346 960 οῖ
368 930 430 960 σὺν
454 934 498 972 τῷ
517 930 650 970 Δαυίδῃ
669 928 723 960 καὶ
748 928 841 960 αὐτοὶ
861 929 1078 970 ἀναιροῦντες

62 981 125 1013 ἀπὸ
149 983 278 1023 πρώτης
302 982 388 1022 ὥρας
412 982 473 1019 ἕως
497 981 649 1023 ἑσπέρας,
678 982 722 1019 ὡς
749 983 792 1023 μὴ
816 985 1075 1023 περιλειφθῆναι

62 1040 128 1066 τῶν
153 1034 373 1076 Ἀμαληκιτῶν
402 1037 557 1072 πλειόνας
584 1035 603 1075 ἢ
632 1037 876 1076 τετρακοσίους·
904 1034 959 1066 καὶ
984 1033 1076 1067 οὗτοι

62 1086 98 1119 δὲ
131 1088 269 1129 δρομάσι
304 1089 461 1129 καμήλοις
494 1088 666 1129 ἐπιβάντες
704 1088 876 1129 διέφυγον.
931 1087 1077 1119 ἀνέσωσε

22 1150 48 1169 20
63 1140 99 1172 δὲ
122 1139 223 1173 τᾶλλα
246 1142 352 1173 πάντα
377 1142 396 1173 ἃ
421 1143 608 1183 διήρπασαν
638 1142 748 1173 αὐτῶν
772 1143 807 1173 οἱ
827 1141 993 1182 πολέμιοι,
1022 1140 1075 1172 καὶ

62 1195 120 1232 τάς
147 1193 175 1226 τ’
202 1196 304 1227 αὐτοῦ
332 1201 492 1235 γυναῖκας
518 1194 572 1226 καὶ
604 1196 662 1232 τὰς
685 1201 751 1226 τῶν
775 1194 923 1235 ἑταίρων.
970 1194 1077 1232 <3ὓὺ>

63 1248 107 1285 ὡς
131 1246 161 1278 ὸ’
188 1247 450 1289 ἀναστρέφοντες
474 1246 554 1288 ’ἧκον
579 1247 631 1279 ἐπὶ
657 1249 716 1279 τὸν
735 1249 838 1279 τόπον
858 1249 942 1279 ἔνθα
966 1248 1076 1278 διακο-

63 1302 156 1338 σίους
184 1301 227 1341 μὴ
256 1300 463 1342 δυναμένους
491 1301 603 1337 αὐτοῖς
631 1300 768 1332 ἕπεσθαι
799 1302 1077 1332 καταλελοίπεσαν

63 1353 112 1385 ἐπὶ
144 1359 210 1384 τῶν
240 1359 381 1389 σκευῶν,
411 1354 445 1384 015
471 1352 531 1394 μὲν
561 1355 764 1394 τετρακόσιοι
793 1358 850 1394 τῆς
883 1351 943 1393 μὲν
976 1353 1078 1393 ἄλλης

23 1414 48 1434 2⁵
63 1407 223 1448 ὠφελείας
246 1418 279 1438 τε
303 1406 354 1438 καῖ
381 1409 470 1444 λειάς
494 1407 554 1437 οὐκ
580 1406 693 1446 ἠξίουν
716 1407 829 1444 αὐτοῖς
852 1406 1076 1447 ἀπομερίζειν·

64 1460 103 1491 οὐ
127 1461 485 1500 συνακολουθήσαντας
514 1461 575 1501 γὰρ
606 1460 688 1492 ἀλλὰ
712 1459 978 1501 μαλακισθέντας
1001 1459 1075 1499 περὶ

63 1513 123 1553 τὴν
158 1513 272 1551 δίωξιν
304 1513 485 1553 ἀγαπήσειν
523 1512 795 1554 ἀνασεσωσμένας
828 1513 884 1550 τὰς
917 1518 1078 1552 γυναῖκας

64 1565 357 1608 ἀπολαμβάνοντας
386 1568 514 1606 ἔλεγον,
544 1568 652 1607 <366>
681 1568 832 1607 Δαυίδης
860 1565 896 1597 δὲ
925 1566 1076 1606 πονηρὰν

64 1618 118 1650 καὶ
142 1620 257 1650 ἄδικον
281 1619 390 1650 αὐτῶν
409 1620 532 1660 ταύτην
556 1619 704 1659 ἀπέφηνε
727 1619 788 1660 τὴν
812 1620 960 1660 γνώμην·
991 1616 1076 1650 εἶναι

25 1679 52 1698 ³⁰
66 1672 126 1712 γὰρ
150 1671 271 1712 ἀξίους,
295 1677 353 1704 τοῦ
377 1676 460 1704 θεοῦ
488 1674 716 1714 παρασχόντος
744 1673 856 1710 αὐτοῖς
884 1673 1072 1714 ἀμύνασθαι

136 1735 150 1764 ξ
166 1736 216 1759 362
238 1746 269 1755 =
292 1737 303 1759 1
321 1733 388 1767 Reg.
409 1733 484 1759 XXX
502 1737 541 1760 16.
