1261 1917
500 90 622 115 οΓΔοΗ
1002 86 1067 117 245

55 173 160 212 <354>
181 172 198 203 ὁ
219 170 248 203 δ’
271 170 453 208 Ἐλισσαῖος
473 169 599 207 εὐθέως
618 169 840 210 προφητεύειν
860 168 990 210 ἤρξατο,
1014 167 1068 199 καὶ

54 225 242 257 καταλιπὼν
270 226 347 261 τοὺς
370 226 450 265 βοῦς
476 223 702 264 ἠκολούθησεν
724 221 827 264 Ἠλίᾳ.
875 220 1008 262 δεηθεὶς
1033 219 1068 252 δὲ

56 283 264 319 συγχωρῆσαι
297 277 385 320 αὐτῷ
416 278 492 313 τοὺς
522 281 630 316 γονεῖς
658 275 884 314 ἀσπάσασθαι,
918 275 1068 305 κελεύον-

54 344 110 369 τος
133 336 230 363 τοῦτο
255 336 373 370 ποιεῖν,
397 329 641 370 ἀποταξάμενος
664 328 777 366 αὐτοῖς
801 328 924 365 εἵπετο,
950 326 1003 358 καὶ
1028 324 1070 367 ’ἧν

29 383 168 416 5Ἠλίου
197 385 254 416 τὸν
283 384 410 415 ἅπαντα
438 384 560 424 χρόνον
589 386 648 413 τοῦ
677 384 734 422 ζῆν
762 380 815 413 καὶ
842 381 993 422 μαθητὴς
1015 379 1070 411 καὶ

56 437 218 475 διάκονος.

121 491 229 531 <355>
259 489 312 521 καὶ
337 490 375 521 τὰ
399 487 460 530 μὲν
483 487 554 529 περὶ
582 494 640 520 τοῦ
664 490 837 529 προφήτου
861 488 981 519 τούτου
1004 498 1070 517 τοι-

55 548 137 575 αῦτα
162 541 213 584 ἦν,
238 543 420 584 Νάβουθος
445 541 483 573 ὁέ
501 554 549 579 τις
570 539 610 582 ἦν
630 541 664 573 ἐκ
683 543 809 579 πόλεως
830 541 953 583 Ἰζάρου
973 541 1071 582 ἀγρο-

56 598 173 637 γείτων
193 596 239 627 ὣν
259 600 318 627 τοῦ
338 594 506 636 βασιλέως.
537 597 808 636 παρακαλοῦντος
828 593 858 625 ὁ’
876 595 978 626 αὐτὸν
993 594 1071 625 ἀπο-

18 659 41 678 10
56 650 177 681 δόσθαι
206 653 301 689 τιμῆς
330 649 408 689 ὅσης
436 648 589 689 βούλεται
619 649 676 679 τὸν
704 650 845 688 πλησίον
874 647 977 679 αὐτοῦ
1006 653 1072 678 τῶν

57 703 152 734 ἰδίων
181 702 298 743 ἀγρόν,
326 703 381 733 ἵνα
410 701 561 739 συνάψας
586 702 623 732 ἓν
647 701 727 732 αὐτὸ
751 702 871 742 ποιήσῃ
895 706 1015 742 κτῆμα,
1044 701 1074 732 εἰ

57 754 93 787 δὲ
117 756 160 796 μὴ
186 756 340 796 βούλοιτο
364 756 511 796 χρήματα
536 756 665 795 λαβεῖν,
692 753 923 795 ἐπιτρέποντος
947 753 1074 791 ἐκλέξα-

57 812 136 839 σθαι
163 814 228 840 τῶν
252 808 365 850 ἀγρῶν
389 809 461 839 τινα
486 813 552 839 τῶν
572 807 711 847 ἐκείνου,
735 812 832 838 τοῦτο
852 805 912 848 μὲν
932 807 972 838 οὔ
991 816 1073 847 φησι

55 862 221 901 ποιήσειν,
256 861 354 898 αὐτὸς
387 859 422 892 δὲ
456 861 515 900 τὴν
549 861 638 891 ἰδίαν
670 860 903 901 καρπώσεσθαι
937 865 1000 900 γῆν
1034 860 1074 900 ἣν

18 924 41 943 1⁵
57 913 297 955 ἐκληρονόμησε
322 918 381 945 τοῦ
405 915 535 954 πατρός.
578 912 687 953 <356>
711 911 873 953 λυπηθεὶς
897 912 926 944 δ’
950 913 994 950 ὡς
1018 912 1071 954 ἐφ’

56 956 221 1010 ffisschrfi
251 967 293 1007 μὴ
323 966 497 1007 τάλλότρια
526 968 641 1007 λαβεῖν
670 966 687 997 ὁ
717 967 871 1006 βασιλεὺς
898 966 973 998 οὔτε
998 969 1074 998 λου-

58 1021 137 1061 τρὸν
160 1019 407 1060 προσηνέγκατο
428 1020 502 1051 οὔτε
523 1020 660 1061 τροφήν.
694 1024 751 1060 τῆς
771 1018 800 1050 δ’
821 1018 998 1060 Ἰεζαβέλης
1017 1024 1075 1060 τῆς

57 1074 213 1113 γυναικὸς
237 1073 339 1104 αὐτοῦ
363 1071 621 1113 πυνθανομένης
645 1072 662 1103 ὅ
687 1085 716 1103 τι
742 1075 891 1103 λυπεῖται
916 1071 969 1104 καὶ
995 1073 1073 1113 μήτε

57 1126 187 1158 λούεται
213 1125 285 1167 μήτ’
308 1127 444 1166 ἄριστον
468 1126 555 1168 αὑτῷ
580 1127 797 1166 παρατίθεται
822 1127 901 1166 μήτε
926 1126 1073 1166 δεῖπνον,

19 1189 44 1208 20
58 1179 236 1219 διηγήσατο
260 1179 341 1220 αὐτῇ
362 1179 422 1219 τὴν
443 1179 629 1219 Ναβούθου
649 1180 835 1219 σκαιότητα,
859 1178 912 1210 καὶ
934 1179 978 1216 ὡς
996 1191 1074 1220 χρη-

58 1232 198 1272 σάμενος
223 1231 375 1263 ἐπιεικέσι
399 1233 481 1272 πρὸς
505 1231 607 1263 αὐτὸν
629 1233 740 1272 λόγοις
759 1231 812 1263 καὶ
833 1234 1005 1273 βασιλικῆς
1026 1231 1073 1270 ἐξ-

58 1287 172 1322 ουσίας
202 1284 449 1325 ὑποδεεστέροις
478 1285 667 1326 ὑβρισθείη,
697 1285 739 1326 μὴ
767 1286 875 1326 τυχὼν
899 1283 945 1316 ὧν
970 1285 1072 1325 ἠξίου.

57 1338 165 1377 <35ῖ>
202 1337 218 1377 ἢ
253 1336 288 1369 δὲ
322 1338 364 1378 μὴ
399 1344 615 1378 μικροψυχεῖν
648 1337 699 1369 ε’πὶ
729 1339 858 1375 τούτοις
886 1339 1073 1379 παρεκάλει,

57 1391 269 1431 παυσάμενον
298 1389 333 1421 ὁὲ
362 1395 419 1431 τῆς
443 1391 547 1431 λύπης
571 1389 622 1422 ἐπὶ
647 1391 707 1431 τὴν
731 1392 862 1432 συνήθη
887 1390 1072 1432 τραπέσθαι

20 1454 44 1472 25
58 1448 116 1475 τοῦ
145 1445 293 1485 σώματος
321 1445 496 1485 πρόνοιαν·
527 1445 682 1484 μελήσειν
711 1445 772 1485 γὰρ
801 1444 883 1486 αὐτῇ
911 1443 986 1485 περὶ
1015 1449 1073 1485 τῆς

59 1498 244 1538 Ναβούθου
276 1499 443 1538 τιμωρίας.
495 1497 603 1537 <358>
637 1496 688 1528 καὶ
724 1502 920 1538 παραχρῆμα
953 1497 1072 1538 πέμπει

58 1550 228 1591 γράμματα
252 1551 334 1590 πρὸς
358 1551 434 1586 τοὺς
458 1548 677 1590 ὑπερέχοντας
700 1555 767 1581 τῶν
789 1549 1015 1591 Ἰεσραηλιτῶν
1037 1550 1072 1581 ἐκ

59 1607 117 1634 τοῦ
147 1602 286 1644 Ἀχάβου
320 1603 495 1644 ὀνόματος,
530 1603 708 1642 νηστεῦσαί
738 1614 771 1633 τε
805 1604 984 1634 κελεύουσα
1017 1603 1071 1634 καὶ

58 1655 298 1697 ποιησαμένους
331 1655 506 1696 ἐκκλησίαν
537 1657 740 1697 προκαθίσαι
773 1654 834 1696 μὲν
862 1656 973 1688 αὐτῶν
1002 1657 1071 1688 N‘-

20 1716 45 1736 ³0
59 1710 186 1750 βουθον
219 1707 317 1751 (εἶναι
351 1710 412 1750 γὰρ
447 1709 548 1740 αὐτὸν
577 1708 694 1749 γένους
723 1708 935 1751 ἐπιφανοῦς),
968 1722 1071 1751 παρα-

130 1772 143 1801 ἓ
159 1772 209 1795 354
230 1783 262 1791 =
283 1773 298 1795 3
313 1769 380 1803 Reg.
398 1769 461 1795 XIX
477 1772 518 1795 20.
