1261 1917
163 58 225 89 306
530 58 801 83 ΑΡΧΑΙΟΛΟΓΙΑΣ

160 140 297 170 πλείονα
313 139 433 180 χρόνον
445 137 576 179 ἡμερῶν
591 137 694 177 αὐτὴν
709 137 841 178 κατέσχε
856 137 1039 179 τριάκοντα.
1065 137 1172 177 <229>

162 192 178 223 ὁ
208 192 269 232 γαρ
299 191 477 233 στρατηγὸς
500 190 686 231 Μανάημος
713 189 783 221 κατ’
815 189 941 221 ἐκεῖνον
969 190 1027 221 τὸν
1055 190 1171 231 καιρὸν

162 244 209 275 ὢν
229 243 264 275 ἐν
282 245 392 286 Θαρσῇ
412 245 515 283 πόλει,
535 242 588 274 καὶ
607 244 645 274 τὰ
665 242 738 284 περὶ
758 243 815 274 τὸν
833 244 1000 284 Ζαχαρίαν
1019 242 1171 282 ἀκούσας,

160 298 242 337 ἄρας
271 298 350 338 μετὰ
379 297 484 336 πάσης
514 301 571 336 τῆς
601 300 753 336 στρατιᾶς
782 292 860 335 ἧκεν
891 296 937 332 είς
969 295 1170 335 Σαμάρειαν,

160 349 214 381 καὶ
239 350 415 390 συμβαλὼν
439 351 485 386 εἰς
509 349 615 390 μάχην
644 348 775 389 ἀναιρεῖ
796 349 854 379 τὸν
879 346 1088 388 Σέλλουμον,
1116 346 1170 378 καὶ

161 402 295 443 βασιλέα
319 402 520 441 καταστήσεις
549 401 667 432 ἑαυτὸν
697 400 826 431 ἐκεῖθεν
855 401 902 437 εἰς
927 401 1045 437 Θαψὰν
1068 410 1170 440 παρα-

161 456 285 495 γίνεται
309 456 415 486 πόλιν.
457 455 562 493 <230>
587 454 620 484 οἱ
643 452 673 484 δ’
697 452 732 484 ἐν
756 452 836 494 αὐτῇ
860 453 917 489 τὰς
939 453 1042 489 πύλας
1061 455 1170 494 μοχλῷ

159 509 346 544 κλείσαντες
365 507 425 538 οὐκ
445 505 646 544 εἰσεδέξαντο
666 507 724 537 τὸν
743 505 891 546 βασιλέα·
917 505 933 536 ὃ
956 504 986 535 δ’
1009 505 1170 546 ἀμυνόμε-

160 572 217 597 νος
237 560 356 597 αὐτοὺς
375 560 435 599 τὴν
454 558 546 600 πέριξ
566 557 665 600 ἐδῄου
684 559 804 599 χώραν,
823 556 876 589 καὶ
896 557 956 597 τὴν
973 558 1071 588 πόλιν
1089 558 1169 588 κατὰ

159 613 277 653 κράτος
301 612 459 653 λαμβάνει
482 613 670 653 πολιορκία,
699 611 806 650 (231)
831 610 943 651 φέρων
966 622 999 640 τε
1023 612 1169 650 χαλεπῶς

161 665 212 696 ἐπὶ
237 671 305 702 τοῖς
328 665 392 696 ὑπὸ
416 670 483 695 τῶν
504 666 682 701 Θαψιατῶν
703 666 879 704 πραχθεῖσι
903 662 1027 699 πάντας
1050 661 1169 699 αὐτοὺς

160 719 369 759 διεχρήσατο,
393 715 473 758 μηδὲ
497 718 624 757 νηπίων
648 717 858 757 φειδόμενος,
885 715 1049 756 ὠμότητος
1072 715 1168 756 ὑπερ-

159 771 262 811 βολὴν
286 770 325 801 οὐ
348 769 536 801 καταλιπὼν
560 767 632 800 οὐδ’
655 768 857 809 ἀγριότητος·
883 767 902 799 ἃ
922 768 983 808 γὰρ
1006 765 1083 798 οὐδὲ
1103 772 1169 798 τῶν

160 824 359 864 ἀλλοφύλων
395 823 487 859 τινας
519 822 732 861 συγγνωστὸν
765 821 932 852 διαθεῖναι
970 818 1168 860 γενομένους

160 876 382 917 ὑποχειρίους,
413 880 512 906 ταῦτα
541 876 617 911 τοὺς
646 874 835 915 ὁμοφύλους
863 871 958 910 οὗτος
987 872 1167 913 εἰργάσατο.

160 929 275 968 <232>
301 928 496 969 βασιλεύσας
525 924 585 957 οὖν
614 931 658 968 τῷ
682 927 790 968 τρόπῳ
815 926 918 968 τούτῳ
944 925 960 956 ὁ
985 925 1169 965 Μανάημος

160 980 208 1012 ἐπ’
227 982 281 1020 ἔτη
302 979 361 1021 μὲν
377 979 453 1011 δέκα
469 981 580 1016 σκαιὸς
599 978 651 1010 καὶ
671 978 804 1010 πάντων
823 978 987 1018 ὠμότατος
1007 976 1169 1018 διέμεινεν

160 1035 220 1072 ὤν,
250 1033 506 1074 στρατεύσαντος
535 1031 564 1063 δ’
593 1030 641 1062 ἐπ’
669 1032 769 1062 αὐτὸν
795 1031 949 1062 Φούλλου
977 1034 1035 1061 τοῦ
1057 1029 1169 1061 Ἀσσυ-

160 1089 241 1127 ρίων
256 1085 415 1127 βασιλέως
430 1087 476 1122 είς
490 1083 550 1126 μὲν
565 1084 676 1124 ἀγῶνα
691 1082 744 1115 καὶ
760 1083 866 1124 μάχην
881 1083 940 1114 οὐκ
956 1082 1082 1124 ἀπαντᾷ
1101 1088 1169 1119 τοῖς

157 1138 350 1180 Ἀσσυρίοις,
374 1140 488 1175 πείσας
512 1136 546 1168 δὲ
571 1139 659 1178 χίλια
683 1137 824 1167 τάλαντα
848 1136 1010 1177 ἀργυρίου
1034 1133 1164 1175 λαβόντ’

159 1192 368 1232 ἀναχωρῆσαι
394 1191 560 1222 διαλύεται
585 1190 643 1220 τὸν
666 1191 818 1229 πόλεμον.
864 1189 971 1227 <2:33>
999 1188 1034 1218 τὸ
1059 1185 1095 1218 δὲ
1118 1198 1168 1218 κε-

160 1244 304 1284 φάλαιον
327 1247 423 1274 τοῦτο
453 1243 631 1282 συνήνεγκε
660 1243 696 1273 τὸ
721 1244 849 1282 πλῆθος
872 1241 1061 1283 Μαναήμῳ,
1089 1250 1169 1279 πρα-

160 1295 242 1337 χθὲν
266 1297 345 1327 κατὰ
374 1296 520 1336 κεφαλὴν
549 1295 694 1336 δραχμὰς
721 1295 932 1333 πεντήκοντα.
978 1292 1169 1331 τελευτήσας

161 1348 195 1380 δὲ
220 1350 298 1390 μετὰ
322 1353 423 1379 ταῦτα
446 1348 616 1388 κηδεύεται
641 1346 701 1388 μὲν
726 1347 761 1378 ἐν
780 1347 960 1387 Σαμαρείᾳ,
984 1345 1167 1376 καταλείπει

160 1400 195 1433 δὲ
219 1407 276 1442 τῆς
295 1402 462 1442 βασιλείας
480 1402 538 1432 τὸν
557 1401 633 1431 υΐὸν
655 1399 786 1430 Φακέαν
808 1399 974 1438 διάδοχον,
998 1397 1034 1434 ὃς
1052 1401 1089 1437 τῇ
1110 1401 1167 1427 τοῦ

158 1456 281 1494 πατρὸς
310 1454 600 1492 κατακολουθήσας
634 1453 773 1493 ὠμότητι
808 1450 904 1482 δυσὶν
938 1452 1021 1481 ε”τεσι
1054 1450 1169 1489 μόνοις

161 1506 264 1547 ἧρξεν.
307 1507 415 1546 <234>
439 1507 548 1537 ἔπειτα
573 1503 814 1545 δολοφονηθεὶς
838 1503 874 1534 ἐν
897 1503 1067 1545 συμποσίῳ
1090 1502 1168 1542 μετὰ

159 1562 268 1600 φίλων
292 1559 453 1597 ἀπέθανε,
479 1557 609 1589 Φακέου
634 1559 737 1596 τινός,
766 1557 801 1594 ὃς
825 1554 865 1596 ἦν
888 1558 1069 1596 χιλίαρχος,
1099 1553 1166 1585 ε’πι-

158 1612 399 1653 βουλεύσαντος
422 1610 520 1653 αὐτῷ,
543 1611 660 1647 παιδὸς
681 1608 715 1640 δὲ
731 1608 904 1650 Ῥομελίου.
942 1607 1111 1647 κατασχὼν
1131 1605 1167 1637 δὲ

1185 620 1210 638 10

1184 882 1209 901 15

1184 1128 1210 1163 2'0

1183 1405 1208 1424 25

157 1664 211 1696 καὶ
240 1662 335 1701 οὗτος
362 1663 378 1694 ὁ
405 1662 532 1700 Φακέας
560 1663 619 1702 τὴν
643 1662 746 1703 ἀρχὴν
770 1662 875 1692 ἔτεσιν
899 1663 1022 1691 εἴκοσιν
1046 1659 1164 1699 ἀσεβής
1180 1667 1206 1686 30

229 1728 243 1756 ς
259 1728 309 1750 229
331 1737 361 1745 =
383 1727 397 1749 4
413 1723 479 1756 Rog.
495 1723 544 1748 XV
562 1725 602 1748 14.
