1261 1917
499 69 650 95 EBAOMH
1039 67 1081 99 99

65 151 203 182 κατόπιν
232 150 409 191 αἰφνιδίως
438 149 602 182 ἐπιπεσὼν
631 155 699 186 τοῖς
727 151 897 189 πολεμίοις
921 150 998 187 τοὺς
1021 147 1082 190 μὲν

65 203 174 235 αὐτῶν
203 203 371 235 ἀπέκτεινε
400 205 477 240 τοὺς
506 202 536 234 δ’
564 204 610 240 εἰς
638 203 752 243 φυγὴν
781 201 947 243 ἐτρέψατο.
995 203 1082 243 (74)

64 257 214 298 ὑπολάβῃ
234 255 270 288 δὲ
290 256 405 298 μηδεὶς
428 257 545 296 ὀλίγην
564 256 624 296 τὴν
643 261 710 287 τῶν
730 257 965 287 Παλαιστινῶν
985 263 1082 296 στρα-

63 311 137 342 τιὰν
167 309 280 342 ἐλθεῖν
309 309 362 341 ἐπὶ
390 311 467 347 τοὺς
487 309 675 351 Ἑβραίους,
706 313 751 351 τῷ
780 309 870 350 τάχει
899 313 956 349 τῆς
984 308 1082 348 ἥττης

37 362 117 394 ὅκαὶ
140 368 185 406 τῷ
210 361 313 404 μηδὲν
338 364 437 404 ἔργον
461 362 689 400 ἐπιδείξασθαι
713 368 870 402 γενναῖον
894 360 977 402 μηδὲ
1001 373 1081 402 μαρ-

63 417 178 457 τυρίας
205 417 299 454 ἄξιον
323 418 559 457 στοχαζόμενος
587 415 697 447 αὐτῶν
725 416 785 455 τὴν
814 416 1003 456 βραδυτῆτα
1026 413 1081 445 καὶ

62 469 123 509 τὴν
147 469 332 510 ἀγέννειαν,
357 469 439 501 ἀλλὰ
460 467 646 509 γινωσκέτω
667 470 798 509 Συρίαν
818 467 853 499 θ’
877 468 1007 499 ἅπασαν
1027 466 1081 499 καὶ

66 523 228 563 Φοινίκην
246 521 300 554 καὶ
319 524 402 563 πρὸς
417 523 547 560 τούτοις
571 520 642 553 ἄλλ’
661 523 744 562 ἔθνη
764 522 869 553 πολλὰ
889 520 942 552 καὶ
958 521 1082 562 μάχιμα

63 580 303 616 συστρατεῦσαι
340 575 453 612 αὐτοῖς
490 574 545 606 καὶ
585 579 644 606 τοῦ
682 573 828 615 πολέμου
865 579 1080 615 κοινωνῆσαν

25 638 50 659 10
64 629 150 669 (75)
174 629 191 660 ὃ
215 628 269 660 καὶ
294 630 398 670 μόνον
421 626 463 669 ἧν
487 631 595 659 αἴτιον
619 628 814 665 τοσαυτάκις
843 628 956 664 αὐτοῖς
986 639 1082 658 νικω-

63 681 175 722 μένοις
198 681 253 713 καὶ
272 682 395 718 πολλὰς
415 681 620 727 ἀποβαλοῦσι
644 681 808 722 μυριάδας
832 681 910 722 μετὰ
934 682 1083 721 μείζονος

64 733 190 766 ἐπιέναι
218 740 287 772 τοῖς
307 733 472 775 Ἑβραίοις
501 734 681 775 δυνάμεως.
728 732 839 774 ἀμέλει
870 733 924 764 καὶ
948 734 1082 771 ταύταις

63 789 259 825 πταίσαντες
283 793 354 824 ταῖς
378 788 496 828 μάχαις
515 788 696 830 τριπλασίῳ
717 791 843 829 στρατῷ
868 785 1017 827 ἐπῆλθον
1036 791 1081 829 τῷ

63 842 196 882 Δαυίδῃ
215 839 269 872 καὶ
289 842 336 878 εἰς
354 840 454 872 ταύτὸ
469 842 594 881 χωρίον
609 839 958 881 ἐστρατοπεδεύσαντο.
994 839 1081 880 <76>

24 904 49 924 15
63 893 164 925 πάλιν
189 892 225 925 δὲ
248 898 307 925 τοῦ
331 892 492 934 βασιλέως
515 898 582 924 τῶν
603 891 814 933 Ἰσραηλιτῶν
838 891 999 934 ἐρομένου
1022 893 1081 923 τὸν

63 947 146 978 θεὸν
169 945 243 988 περὶ
267 950 325 987 τῆς
352 945 427 986 περὶ
457 946 518 986 τὴν
547 946 653 986 μα’χην
678 945 808 985 ἐξόδου,
837 946 1038 987 προφητεύει
1063 945 1080 977 ὁ

63 999 234 1040 ἀρχιερεὺς
258 998 294 1030 ἐν
317 1004 387 1036 τοῖς
410 999 524 1030 ἄλσεσι
544 1004 613 1036 τοῖς
636 997 854 1039 καλουμένοις
872 1001 1081 1040 Κλαυθμῶσι

62 1051 210 1093 κατέχειν
233 1052 294 1092 τὴν
313 1052 480 1093 στρατιάν,
505 1051 565 1083 οὐκ
589 1052 726 1083 ἄπωθεν
748 1050 808 1093 μὲν
833 1049 907 1083 οὖσι
931 1057 990 1083 τοῦ
1014 1057 1081 1083 τῶν

63 1107 229 1146 πολεμίων
253 1104 493 1146 στρατοπέδου,
522 1111 629 1136 κινεῖν
653 1104 683 1136 δ’
710 1105 812 1136 αὐτὸν
837 1105 880 1146 μὴ
908 1107 1080 1146 πρότερον,

25 1168 50 1187 2⁰
63 1157 138 1200 μηδ’
165 1159 326 1200 ἄρχεσθαι
350 1163 408 1199 τῆς
431 1158 545 1200 μάχης,
569 1157 649 1199 πρὶν
674 1157 692 1198 ἢ
716 1159 755 1189 τὰ
777 1159 860 1199 ἔὲλση
880 1159 1081 1190 σαλεύεσθαι

63 1212 106 1253 μὴ
129 1211 288 1249 πνέοντος
317 1211 450 1253 ἀνέμου.
498 1212 585 1252 <ῖῖ>
609 1212 654 1249 ὡς
678 1210 708 1242 δ’
736 1211 900 1251 ἐσαλεύθη
929 1212 968 1243 τὰ
997 1212 1080 1252 ἄλση

62 1264 116 1296 καὶ
141 1265 158 1297 ὁ
182 1266 295 1305 καιρὸς
319 1264 358 1296 ὃν
382 1265 470 1308 αὐτῷ
495 1271 652 1306 προεῖπεν
677 1265 694 1296 ὁ
722 1265 803 1302 θεὸς
825 1269 950 1306 παρῆν,
980 1263 1080 1296 οὐδὲν

64 1317 206 1359 ἐπισχὼν
239 1317 291 1358 ἐφ’
328 1317 462 1359 ἑτοίμην
502 1318 564 1358 ἤδη
597 1316 651 1349 καὶ
685 1318 835 1358 φανερὰν
869 1317 986 1358 ἐξῆλθε
1020 1318 1080 1357 τὴν

63 1373 168 1412 νίκην.
224 1371 264 1402 οὐ
302 1372 363 1412 γὰρ
397 1370 578 1412 ὑπέμειναν
613 1371 715 1402 αὐτὸν
748 1371 785 1401 αἱ.ι
815 1376 881 1401 τῶν
913 1372 1080 1411 πολεμίων

25 1432 50 1453 25
63 1425 240 1465 φάλαγγες,
267 1423 338 1455 ἀλλ’
365 1424 469 1461 εὐθὺς
493 1424 556 1455 ἀπὸ
580 1428 638 1464 τῆς
660 1424 791 1464 πρώτης
814 1425 982 1465 συμβολῆς
1004 1435 1080 1464 τρα-

63 1477 183 1515 πέντας
207 1476 349 1509 ἐνέκειτο
373 1479 520 1509 κτείνων.
566 1475 620 1508 καὶ
645 1477 755 1508 διώκει
780 1475 841 1518 μὲν
860 1476 981 1514 αὐτοὺς
1004 1477 1080 1518 ἄχρι

64 1532 188 1569 πόλεως
213 1531 369 1573 Γαζάρων
393 1530 427 1572 (ἣ
453 1529 483 1562 δ’
511 1529 601 1562 ἐστὶν
625 1530 702 1571 ὅρος
733 1529 843 1562 αὐτῶν
865 1535 923 1571 τῆς
946 1529 1079 1572 χώρας),

65 1581 132 1615 εἶτα
165 1585 348 1626 διαρπάσας
380 1583 490 1615 αὐτῶν
528 1584 588 1624 τὴν
620 1584 848 1625 παρεμβολήν,
884 1582 938 1614 καὶ
971 1584 1079 1615 πολὺν

65 1637 171 1678 εὑρὼν
204 1637 240 1669 ἐν
268 1637 350 1679 αὐτῇ
378 1640 539 1677 πλοῦτον,
571 1636 626 1668 καὶ
655 1638 732 1674 τοὺς
760 1638 861 1674 θεοὺς
889 1637 999 1668 αὐτῶν
1030 1637 1079 1667 δια

26 1697 52 1718 80
65 1688 231 1732 ἔφθειρεν.

136 1754 150 1783 ἓ
167 1754 199 1778 75
220 1764 252 1773 =
273 1754 288 1778 2
304 1751 371 1784 Reg.
391 1751 416 1777 V
432 1754 479 1783 223
503 1755 515 1778 1
533 1750 622 1778 Paral.
642 1750 706 1777 XIV
723 1753 763 1777 13.
