1261 1917
550 70 693 93 AEKATH
1065 67 1126 98 371

114 151 366 193 ὑπερβαλλούσῃ
390 154 480 190 τιμῇ,
507 154 639 190 πρῶτον
663 149 765 180 αὐτὸν
789 148 963 186 ἀποδείξας
987 153 1052 179 τῶν
1076 149 1130 189 φί-

115 208 191 237 λων.
238 204 354 242 <264>
378 203 425 234 ὣν
449 201 478 233 δ’
506 202 612 239 οὕτως
636 201 792 242 ἐπίσημος
816 201 869 232 καὶ
895 203 1042 243 λαμπρὸς
1068 201 1130 233 ὑπὸ

115 258 211 298 δόξης
239 261 297 288 τοῦ
326 255 489 295 θεοφιλὴς
522 252 607 286 εἶναι
634 257 817 294 Δανιῆλος,
851 253 1061 296 ᾠκοδόμησεν
1095 254 1131 286 ἐν

111 309 320 351 Ἐκβατάνοις
339 313 396 349 τῆς
412 308 567 348 Μηδικῆς
586 310 695 348 βᾶριν,
716 307 974 348 ἐκπρεπέστατόν
989 319 1019 339 τι
1035 319 1130 339 κατα-

86 374 98 392 5
114 363 280 403 σκεύασμα
303 360 357 393 καὶ
382 362 578 402 θαυμασίως
603 359 839 402 πεποιημένον,
869 360 888 400 ἣ
913 359 1005 401 μέχρι
1031 361 1130 400 δεῦρο

113 414 174 457 μὲν
198 416 265 446 ἔστι
289 413 343 446 καὶ
368 415 518 452 σώζεται,
542 419 611 451 τοῖς
635 412 665 444 δ’
693 413 794 453 ὁρῶσι
819 414 912 444 δοκεῖ
933 413 1132 453 προσφάτως

113 467 373 500 κατεσκευάσθαι
397 466 451 498 καὶ
477 466 526 498 ἐπ’
549 467 650 507 αὐτῆς
670 466 797 506 ἐκείνης
816 463 854 506 ἧς
874 465 1008 503 ἕκαστος
1028 467 1132 506 αὐτὴν

114 521 235 563 ἡμέρας
273 521 398 561 ι’στορεῖ
432 519 618 560 γεγονέναι·
657 519 743 550 οὕτω
781 520 902 560 νεαρὸν
939 519 1040 559 αὐτῆς
1077 518 1131 550 καὶ

113 574 255 615 ἀκμαῖον
274 575 310 605 τὸ
330 574 460 611 κάλλος,
484 572 537 604 καὶ
558 573 711 614 μηδαμοῦ
730 573 912 613 γεγηρακὸς
934 572 996 603 ὑπὸ
1018 573 1132 604 τοσού-

74 639 99 658 10
114 639 172 659 του
192 628 324 668 χρόνου.
363 626 470 667 <265>
489 626 605 666 πάσχει
626 626 688 667 γὰρ
708 624 762 656 καὶ
783 626 821 656 τὰ
841 625 1132 666 κατασκευάσματα

114 680 234 712 ταύτὸν
257 680 464 721 ἀνθρώποις,
492 678 546 710 καὶ
576 681 749 710 πολιοῦται
774 677 827 709 καὶ
852 679 912 719 τὴν
937 679 1032 719 ἰσχὺν
1057 680 1132 710 λυό-

113 745 195 775 μενα
220 733 282 765 ὑπὸ
308 738 374 765 τῶν
404 732 486 764 ἐτῶν
509 731 564 763 καὶ
588 732 648 772 τὴν
673 731 870 773 εὐπρέπειαν
897 733 1132 772 μαραινόμενα.

114 787 280 818 θάπτουσι
305 785 335 817 δ’
363 785 398 817 ἐν
423 790 459 827 τῇ
485 786 578 827 βάρει
599 785 677 822 τούς
701 796 735 816 τε
755 785 885 825 Μήδων
909 787 1055 825 βασιλεῖς
1078 783 1133 815 καὶ

116 842 257 881 Περσῶν
284 838 338 870 καὶ
364 839 515 879 Πάρθων
543 839 618 879 ἄχρι
648 843 707 869 τοῦ
737 838 852 879 δεῦρο,
881 837 935 869 καὶ
965 838 981 869 ὁ
1011 838 1133 877 ταύτην

75 904 99 922 15
113 891 371 933 πεπιστευμένος
387 891 547 929 Ἰουδαῖός
567 891 656 922 ἐστιν
677 891 796 931 ἱερεύς·
816 890 870 922 καὶ
890 894 987 922 τοῦτο
1008 891 1133 930 γίνεται

114 945 208 987 μέχρι
232 950 289 986 τῆς
313 946 457 986 σήμερον
485 943 615 986 ἡμέρας,
661 944 779 984 <266>
807 944 900 982 ἄξιον
929 942 964 975 δὲ
993 943 1134 984 τάνδρὸς

114 999 234 1030 τούτου
257 997 311 1030 καὶ
335 998 352 1030 ὃ
377 998 517 1039 μάλιστα
542 997 713 1038 θαυμάσαι
743 1009 793 1034 τις
816 997 857 1028 ἂν
881 996 1024 1033 ἀκούσας
1049 996 1134 1027 διελ-

115 1054 201 1083 θεῖν.
247 1052 374 1083 ἅπαντα
404 1052 465 1092 γὰρ
493 1050 580 1093 αὐτῷ
605 1050 798 1091 παραδόξως
827 1050 871 1087 ὡς
900 1048 952 1081 ἑνί
978 1061 1043 1080 τινι
1068 1054 1134 1080 τῶν

117 1106 280 1145 μεγίστων
306 1105 475 1145 ηὐτυχήθη
496 1109 687 1144 προφητῶν,
711 1102 764 1134 καὶ
785 1103 872 1143 παρὰ
896 1103 955 1134 τὸν
976 1106 1034 1142 τῆς
1053 1103 1135 1142 ζωῆς

77 1168 103 1188 20
117 1158 239 1198 χρόνον
262 1158 339 1198 τιμή
363 1169 396 1189 τε
421 1156 473 1188 καὶ
499 1157 578 1195 δόξα
602 1157 689 1197 παρὰ
718 1161 785 1187 τῶν
809 1154 973 1196 βασιλέων
997 1154 1050 1186 καὶ
1075 1159 1134 1186 τοῦ

116 1211 282 1251 πλήθους,
319 1209 373 1241 καὶ
411 1211 607 1250 τελευτήσας
645 1207 681 1240 δὲ
718 1209 850 1250 μνήμην
888 1209 1026 1239 αἰώνιον
1060 1209 1134 1249 ἔχει.

115 1264 224 1304 <267>
253 1264 291 1295 τὰ
320 1264 381 1304 γὰρ
411 1265 537 1304 βιβλία,
571 1263 632 1294 ὅσα
663 1262 703 1302 δὴ
732 1261 1008 1303 συγγραψάμενος
1039 1273 1135 1292 κατα-

116 1315 283 1355 λέλοιπεν,
312 1315 571 1355 ἀναγινώσκεται
599 1314 675 1355 παρ’
709 1314 785 1355 ἡμῖν
814 1316 861 1345 ε’τι
889 1313 942 1345 καὶ
974 1318 1051 1353 νῦν,
1081 1313 1135 1344 καὶ

116 1369 377 1409 πεπιστεύκαμεν
402 1368 434 1405 ἐξ
459 1368 569 1399 αὐτῶν
589 1368 639 1399 ὅτι
658 1370 828 1407 Δανιῆλος
852 1367 964 1407 ὡμίλει
989 1371 1034 1409 τῷ
1058 1370 1135 1409 θεῷ.

77 1432 102 1451 25
117 1422 157 1453 οὐ
182 1422 243 1462 γὰρ
268 1422 306 1453 τὰ
335 1421 497 1462 μέλλοντα
523 1422 628 1461 μόνον
651 1421 870 1461 προφητεύων
900 1419 1052 1459 διετέλει,
1080 1432 1135 1451 xa—

116 1475 225 1516 θάπερ
249 1473 303 1506 καὶ
328 1475 362 1505 οἱ
384 1475 477 1505 ἄλλοι
502 1478 680 1515 προφῆται,
704 1473 786 1504 ἀλλὰ
806 1471 859 1504 καὶ
880 1474 998 1514 καιρὸν
1021 1473 1136 1513 ὥριζεν

117 1529 164 1565 εἰς
187 1528 226 1559 ὃν
250 1526 341 1559 ταῦτ’
368 1527 581 1568 ἀποβήσεται·
607 1527 713 1566 <2632
733 1525 787 1557 καὶ
807 1531 874 1557 τῶν
893 1531 1074 1566 προφητῶν
1097 1527 1136 1557 τὰ

116 1583 215 1622 χείρω
243 1582 490 1621 προλεγόντων,
523 1578 576 1611 καὶ
611 1580 666 1610 διὰ
700 1584 796 1610 τοῦτο
826 1578 1136 1620 δυσχεραινομένων

117 1634 181 1665 ὑπὸ
201 1639 268 1664 τῶν
287 1632 450 1674 βασιλέων
469 1632 523 1664 καὶ
543 1637 602 1664 τοῦ
621 1633 784 1672 πλήθους,
808 1634 976 1672 Δανιῆλος
998 1631 1138 1671 ἀγαθῶν

77 1695 104 1714 30
119 1685 244 1726 ἐγίνετο
272 1687 444 1727 προφήτης
473 1686 600 1725 αὐτοῖς,
635 1686 678 1723 ὡς
707 1685 769 1717 ἀπὸ
800 1683 860 1726 μὲν
888 1690 946 1725 τῆς
975 1685 1137 1726 εὐφημίας

118 1744 184 1770 τῶν
207 1738 460 1780 προλεγομένων
486 1739 621 1770 εὔνοιαν
650 1738 852 1770 ἐπισπᾶσθαι
882 1738 968 1777 παρὰ
994 1737 1138 1773 πάντων,

920 1789 972 1814 24*
