1261 1917
158 91 222 122 160
522 92 793 117 ΑΡΧΑΙΟΑΟΓΙΑΣ

157 176 214 211 τῆς
245 173 384 211 πόλεως,
417 178 486 209 τοῖς
517 171 652 212 κέρασιν
684 171 966 212 ἐπισαλπίζοντας,
1003 174 1086 212 βοᾶν
1119 172 1165 208 είς

157 225 262 255 αἰῶνα
280 226 465 265 Σολομῶνα
488 226 546 256 τὸν
569 224 705 265 βασιλέα
723 226 859 256 καθίσαι
883 223 935 256 ἐπὶ
958 229 1018 255 τοῦ
1039 226 1165 265 βασιλι-

157 281 218 308 κοῦ
236 278 375 317 θρόνου,
395 278 450 308 ἵνα
470 281 536 319 γνῷ
555 281 618 314 πᾶς
637 277 654 308 ὁ
674 278 752 314 λαὸς
769 276 1045 318 ἀποδεδειγμένον
1063 276 1165 308 αὐτὸν

158 330 220 361 ὑπὸ
240 334 299 361 τοῦ
318 331 440 370 πατρὸς
459 329 604 370 βασιλέα,
628 332 804 370 Σολομῶνι
825 329 854 361 δ’
877 329 1069 361 ἐντετάλθαι
1090 328 1164 370 περὶ

157 387 214 422 τῆς
245 382 360 423 ἀρχῆς,
394 381 436 413 ἵν’
468 382 609 423 εὐσεβῶς
640 381 693 413 καὶ
724 383 858 419 δικαίως
884 387 1007 423 προστῇ
1040 387 1099 413 τοῦ
1127 380 1162 413 θ’

152 434 314 476 Ἑβραίων
336 437 458 472 ἔθνους
477 436 599 472 παντὸς
621 434 675 466 καὶ
699 440 756 476 τῆς
772 435 879 467 Ἰούδα
898 438 1014 476 φυλῆς.
1055 435 1164 474 <35ῖ>

157 490 286 519 Βαναία
310 487 339 519 δ’
367 487 546 528 εὐξαμένου
575 489 632 519 τὸν
660 488 742 519 θεὸν
766 490 941 529 Σολομῶνι
970 487 1089 528 εὐμενῆ
1114 499 1165 527 γε-

158 540 285 577 νέσθαι,
304 539 385 581 μηδὲ
405 542 523 581 μικρὸν
538 541 744 577 διαλιπόντες
763 540 1018 581 ἀναβιβάζουσιν
1038 539 1089 572 ἐπὶ
1105 540 1165 580 τὴν

159 593 295 633 ἡμίονον
319 594 377 624 τὸν
397 595 594 634 Σολομῶνα’
617 592 669 624 καὶ
690 595 933 634 προαγαγόντες
953 594 1012 631 ἐξω
1031 598 1088 634 τῆς
1106 594 1164 625 πό-

156 649 238 682 λεως
261 644 311 676 ἐπὶ
337 646 397 685 τὴν
420 646 528 686 πηγὴν
547 645 600 676 καὶ
620 650 664 688 τῷ
683 645 780 688 ἐλαίῳ
798 647 970 686 χρίσαντες
989 647 1164 685 εἰσήγαγον

157 699 203 735 εἰς
227 699 287 738 τὴν
310 700 408 729 πόλιν
432 698 525 739 ἐπευι,
542 703 697 739 ημοῦντες
719 698 770 729 καὶ
794 699 854 738 τὴν
873 700 1043 738 βασιλειάν
1062 698 1164 729 αὐτοῦ

157 750 312 790 γενέσθαι
340 753 562 792 πολυχρόνιον
590 751 775 792 εὐχόμενοι,
804 752 910 791 <358>
939 750 989 782 καὶ
1020 762 1165 791 παραγαᾼ

156 805 269 843 γόντες
293 805 339 841 εἰς
363 806 420 835 τὸν
444 802 536 835 οἶκον
561 806 618 835 τὸν
647 805 818 844 βασιλικὸν
845 805 1040 842 καθίζουσιν
1063 803 1165 834 αὐτὸν

155 855 204 887 ἐπὶ
232 861 290 888 τοῦ
314 858 451 896 θρόνου.
498 856 550 888 καὶ
579 861 641 894 πᾶς
669 857 686 888 ὁ
711 858 788 894 λαὸς
817 855 865 887 ἐπ’
893 856 1034 897 εὐωχίαν
1062 856 1165 893 εὐθὺς

156 908 276 949 ἐτράπη
305 908 355 940 καὶ
387 909 517 949 ἑορτήν,
550 910 698 950 χορεύων
730 908 780 940 καὶ
816 909 930 946 αὐλοῖς
957 910 1164 951 τερπόμενος,

154 962 198 998 ὡς
222 962 284 993 ὑπὸ
309 967 367 993 τοῦ
395 963 546 1002 πλήθους
573 967 638 993 τῶν
667 962 818 1001 ὀργάνων
847 963 976 993 ἅπασαν
1002 967 1164 1002 περιηχεῖ-

154 1017 234 1045 σθαι
258 1015 318 1054 τὴν
343 1019 405 1055 γῆν
428 1014 479 1046 καὶ
506 1016 564 1046 τὸν
587 1014 676 1054 ἀέρα.

219 1068 327 1107 <359>
351 1068 394 1104 ὡς
418 1067 447 1098 δ’
475 1067 617 1108 ᾔσθοντο
642 1071 698 1107 τῆς
722 1069 802 1107 βοῆς
817 1066 974 1104 Ἀδωνίας
997 1079 1030 1098 τε
1053 1066 1106 1098 καὶ
1131 1067 1165 1098 οἱ

152 1121 312 1159 παρόντες
331 1119 380 1151 ἐπὶ
403 1121 439 1151 τὸ
460 1120 605 1159 δεῖπνον,
632 1119 871 1160 ἐταράχθησαν,
895 1120 912 1150 ὅ
931 1131 964 1150 τε
985 1121 1164 1160 στρατηγὸς

130 1171 280 1213 -Ἰώαβος
300 1173 411 1212 ἔλεγεν
431 1173 490 1204 οὐκ
510 1172 706 1213 ἀρέσκεσθαι
729 1178 798 1209 τοῖς
819 1172 908 1212 ἤχοις
931 1170 1009 1203 οὐδὲ
1029 1177 1066 1213 τῇ
1087 1173 1163 1204 σάλ-

152 1236 254 1264 πιγγι.
309 1225 550 1265 παρακειμένου
589 1224 624 1256 δὲ
662 1230 720 1256 τοῦ
758 1226 895 1256 δείπνου
932 1224 985 1256 καὶ
1022 1225 1163 1265 μηδενὸς

153 1277 344 1318 γευομένου,
368 1278 501 1309 πάντων
520 1277 549 1309 δ’
573 1277 622 1309 ἐπ’
646 1277 774 1314 ἐννοίας
794 1278 1017 1318 ὑπαρχόντων,
1042 1277 1162 1318 εἰστρέ-

151 1341 199 1370 χει
233 1332 315 1370 πρὸς
348 1331 468 1368 αὐτοὺς
501 1331 517 1362 ὁ
551 1335 610 1362 τοῦ
645 1329 819 1371 ἀρχιερέως
848 1329 1050 1371 Ἀβιαθάρου
1086 1336 1162 1368 παῖς

150 1381 316 1423 Ἰωνάθης.
364 1384 472 1423 (360)
491 1388 550 1415 τοῦ
570 1382 600 1414 δ’
621 1382 760 1415 Ἀδωνία
784 1382 992 1424 θεασαμένου
1013 1385 1071 1415 τὸν
1089 1395 1161 1415 νεα-

153 1437 228 1466 νιάν
254 1435 356 1476 ἡδέως
379 1435 430 1467 καὶ
452 1438 689 1476 προσειπόντος
711 1436 849 1476 ἀγαθῶν
868 1436 1018 1476 ἄγγελον,
1043 1435 1185 1476 ἐδήλουὲ

152 1487 247 1519 πάντ’
272 1488 384 1526 αὐτοῖς
408 1490 446 1520 τὰ
469 1488 541 1528 περὶ
568 1490 626 1520 τὸν
646 1491 830 1529 Σολομῶνα
853 1488 907 1519 καὶ
931 1489 990 1528 τὴν
1009 1489 1161 1520 Δαυίδου

155 1546 212 1572 τοῦ
229 1541 397 1582 ,βασιλέως
421 1543 563 1582 γνώμην.
605 1541 873 1582 ἀναπηδήσαντες
896 1540 925 1572 δ’
948 1541 982 1572 ἐκ
1004 1546 1062 1572 τοῦ
1082 1550 1161 1582 συμ-

154 1595 273 1625 ποσίου
293 1595 310 1625 ὅ
331 1594 357 1625 ‘s’
374 1594 529 1631 Ἀδωνίας
548 1593 601 1625 καὶ
621 1595 655 1625 οί
671 1594 861 1634 κεκλημένοι
881 1594 999 1631 πάντες
1019 1596 1161 1635 ἔφευγον

153 1647 235 1684 πρὸς
263 1645 399 1683 ἑαυτοὺς
427 1646 568 1683 ἕκαστος.
616 1647 732 1686 <351>
761 1645 923 1687 φοβηθεὶς
951 1646 981 1677 δ’
1005 1646 1162 1685 Ἀδωνίας

1179 917 1204 936 15

1177 1169 1202 1199 ἑο

152 1699 210 1729 τὸν
237 1698 373 1739 βασιλέα
400 1698 471 1739 περὶ
502 1705 568 1730 τῶν
596 1701 780 1739 γεγονότων
809 1700 914 1740 ἱκέτης
947 1701 1069 1740 γίνεται
1101 1705 1159 1732 τοῦ
1174 1708 1200 1727 30

224 1762 237 1790 ξ
258 1762 308 1784 356
329 1772 361 1781 =
381 1763 395 1785 3
416 1759 483 1792 fleg.
503 1760 571 1785 134.
