1261 1917
538 66 662 91 ΟΓΔΟΗ
1045 64 1104 95 191

97 150 234 180 Μωυσεῖ
261 146 467 186 λαληθέντας
496 146 531 177 ἐν
560 148 688 189 Σιναίῳ
722 147 791 186 ὄρει
825 144 1109 186 ἐγγεγραμμένους

93 201 207 237 αὐταῖς
231 201 359 238 ἔσωζον.
407 200 467 240 τὴν
491 198 526 231 δὲ
551 201 690 240 λυχνίαν
711 197 765 230 καὶ
785 199 845 238 τὴν
869 199 1030 239 τράπεζαν
1053 197 1107 229 καὶ

93 254 150 285 τὸν
174 253 287 294 βωμὸν
311 254 368 284 τὸν
392 257 539 294 χρυσοῦν
564 254 704 293 ἔστησαν
733 251 768 283 ἐν
796 256 840 294 τῷ
869 256 937 294 ’ναῷ
961 253 1024 293 πρὸ
1050 256 1109 283 τοῦ

93 305 231 345 ἀδύτου,
260 306 340 337 κατὰ
365 307 442 343 τοὺς
466 306 586 343 αὐτοὺς
609 307 731 343 τόπους
755 305 813 342 οὓς
837 303 890 336 καὶ
915 306 987 337 τότε
1011 305 1047 336 έν
1071 310 1108 346 τῇ

67 363 194 400 ῦσκηνῇ
218 360 363 399 κείμενοι
388 365 553 400 κατεῖχον,
579 357 632 390 καὶ
658 359 714 396 τὰς
737 359 963 399 καθημερινὰς
986 360 1108 395 θυσίας

93 411 265 452 ἀνέφερον.
322 412 443 452 <105>
480 413 516 443 τὸ
551 410 586 443 δὲ
620 412 862 452 θυσιαστήριον
895 412 931 442 τὸ
964 414 1109 452 χαλκοῦν

93 465 199 504 ἵστησι
214 466 277 505 πρὸ
293 469 352 496 τοῦ
367 469 451 496 ναοῦ
469 465 605 506 ἀντικρὺ
624 470 681 506 τῆς
696 465 815 506 θύρας,
835 465 879 502 ὡς
896 465 1109 505 ἀνοιχθείσης

93 517 172 549 αὐτὸ
197 518 276 549 κατὰ
301 519 479 559 πρόσωπον
503 515 598 558 εἶναι,
622 517 675 549 καὶ
696 517 876 558 βλέπεσθαι
901 518 958 555 τὰς
981 519 1108 559 [ερουρ-

93 572 166 611 γίας
189 570 242 601 καὶ
272 571 331 611 τὴν
360 577 426 602 τῶν
454 574 586 602 θυσιῶν
613 570 837 602 πολυτέλειαν.
886 572 924 602 τὰ
951 569 987 602 δὲ
1012 572 1109 602 λοιπὰ

54 633 80 652 10
95 624 192 663 σκεύη
217 624 323 655 πάντα
352 626 532 661 συναλίσας
561 625 659 655 ε”νδον
683 626 730 661 εἰς
753 625 812 655 τὸν
835 625 918 655 ναὸν
942 624 1108 655 κατέθετο.

162 678 269 717 (106)
295 676 363 708 ἐπεὶ
389 676 424 708 δὲ
449 677 555 708 πάντα
580 678 859 718 διακοσμήσαντες
888 678 921 708 οἱ
949 678 1046 718 ἱερεῖς
1070 677 1109 708 τὰ
1129 685 1144 707 2

93 729 167 771 περὶ
192 730 252 770 τὴν
275 731 417 771 κιβωτὸν
442 730 598 771 ἐξῆλθον,
627 731 722 771 ἄφνω
751 732 876 771 πίλημα
907 730 1045 770 νεφέλης
1069 730 1108 761 οὐ

93 784 237 823 σκληρὸν
261 782 333 814 οὐδ’
357 779 430 814 οἷον
455 784 523 825 ὥρᾳ
546 789 706 824 χειμῶνος
730 783 828 814 ὑετοῦ
848 782 949 824 γέμον
969 784 1108 823 ἵσταται,

91 835 273 877 κεχυμένον
303 834 338 867 δὲ
364 835 418 867 καὶ
444 835 646 878 κεκραμένον
675 837 722 874 είς
749 837 807 867 τὸν
835 837 917 867 ναὸν
947 837 1110 877 εἰσερρύη,

51 899 76 918 15
91 888 145 920 καὶ
179 895 249 926 ταῖς
282 887 343 930 μὲν
374 890 469 926 ὄψεσι
503 895 570 920 τῶν
603 888 733 930 ιἐρέων,
767 889 811 926 ὡς
844 887 927 930 μηδὲ
960 892 1111 930 καθορᾶν

92 942 264 982 ἀλλήλους,
289 941 470 981 ἐπεσκότει,
499 948 570 979 ταῖς
599 940 634 973 δὲ
664 943 828 979 διανοίαις
856 948 928 979 ταῖς
955 942 1111 973 ἁπάντων

91 996 279 1035 φαντασίαν
303 993 357 1025 καὶ
386 995 487 1033 δόξειν
510 1001 666 1036 παρεῖχεν
691 995 734 1033 ὡς
756 1000 815 1026 τοῦ
834 999 918 1027 θεοῦ
937 998 1112 1036 κατεληλυ-

92 1049 192 1085 θότος
216 1048 264 1085 εἰς
287 1048 323 1078 τὸ
347 1048 437 1089 ἱερὸν
456 1047 510 1079 καὶ
530 1050 815 1089 κατεσκηνωκότος
834 1048 937 1089 ἡδέως
960 1049 995 1080 έν
1015 1049 1112 1091 αὐτῷ.

91 1101 199 1140 <1οῖ>
221 1099 274 1132 καὶ
299 1102 334 1132 οἳ
352 1099 411 1142 μὲν
433 1100 484 1132 ε’πὶ
505 1102 626 1142 ταύτης
645 1099 735 1143 εἶχον
755 1102 876 1139 αὑτοὺς
895 1107 952 1143 τῆς
972 1101 1112 1141 ἐννοίας,

53 1164 79 1183 20
96 1154 112 1186 ὁ
138 1152 173 1185 δὲ
199 1155 354 1195 βασιλεὺς
374 1155 538 1195 Σολομὼν
563 1154 747 1196 ἐξεγερθείς
767 1154 873 1197 (ἔτυχε
897 1156 958 1197 γὰρ
978 1157 1113 1193 καθεζό-

96 1206 208 1248 μενος)
235 1206 410 1246 ἐποιήσατο
436 1209 556 1248 λόγους
579 1208 661 1249 πρὸς
685 1208 743 1239 τὸν
766 1210 863 1247 θεόν,
892 1208 951 1246 οὓς
974 1213 1011 1250 τῆ
1036 1210 1114 1251 θειςι

95 1260 192 1301 φύσει
227 1271 411 1300 πρεποντας
444 1261 653 1302 ὑπελάμβανε
682 1260 735 1292 καὶ
764 1264 871 1299 καλῶς
904 1259 990 1303 εἶχεν
1023 1262 1106 1293 αὐτα

97 1312 214 1353 λέγειν.
263 1312 331 1343 ‘613’
360 1325 422 1355 γαρ
451 1311 541 1345 εἶπεν
570 1311 675 1346 οἶκον
703 1326 763 1355 μεν
791 1316 929 1346 αι’ώνιον
959 1317 1056 1356 εχεις,
1087 1313 1111 1346 ὦ

98 1365 250 1403 δέσποτα,
270 1365 328 1403 κάξ
348 1363 395 1397 ὧν
415 1371 523 1398 σαυτω
543 1367 683 1408 εἰργασω
703 1369 872 1408 γεγονότα,
892 1369 950 1400 τὸν
967 1368 1113 1410 οὐρανὸν

59 1429 83 1448 25
99 1420 235 1460 οῖ’δαμεν
259 1418 312 1450 καὶ
337 1418 417 1461 ἀέρα
441 1419 494 1451 καὶ
520 1425 582 1461 γῆν
601 1419 655 1452 καὶ
674 1421 854 1461 θάλατταν,
878 1420 922 1452 δι’
945 1419 992 1453 ὧν
1011 1421 1113 1452 ἁπαν-

98 1485 164 1504 των
188 1471 266 1503 οὐδὲ
290 1473 419 1510 τούτοις
443 1473 648 1515 ἀρκούμενος
671 1475 866 1515 κεχώρηκας.
912 1475 1019 1515 <108>
1040 1479 1113 1506 τοῦ-

99 1538 156 1557 τον
185 1525 224 1557 δέ
251 1535 301 1557 σοι
332 1528 550 1558 κατεσκεύακα
582 1529 640 1559 τὸν
663 1526 750 1559 ’ναὸν
779 1527 967 1569 ἐπώνυμον,
1001 1528 1044 1566 ὡς
1072 1527 1114 1559 ἂν

100 1578 153 1610 ἀπ’
185 1579 287 1610 αὐτοῦ
317 1589 367 1610 σοι
397 1580 453 1617 τας
483 1580 580 1621 εὐχὰς
607 1581 749 1618 θύοντες
778 1580 831 1612 καὶ
863 1584 1114 1622 καλλιεροῦντες

100 1631 339 1674 ἀναπέμπωμεν
364 1634 410 1670 εἰς
434 1634 492 1664 τὸν
511 1632 601 1675 ἀέρα,
625 1632 679 1665 καὶ
698 1633 908 1675 πεπεισμένοι
933 1634 1114 1675 διατελοίη-

60 1694 86 1714 30
100 1697 159 1726 μεν
182 1686 231 1717 ὅτι
250 1685 346 1727 πάρει
366 1685 419 1717 καὶ
440 1688 568 1727 μακρὰν
588 1686 648 1718 οὐκ
667 1686 860 1728 ἀφέστηκας.
908 1692 951 1729 τῷ
972 1686 1032 1729 μὲν
1052 1689 1113 1728 γὰρ

172 1750 186 1779 5
204 1750 253 1773 104
274 1760 305 1769 =
327 1750 341 1772 3
357 1747 424 1781 Reg.
441 1748 505 1773 VIII
521 1751 548 1779 93
569 1752 583 1774 ‘3
600 1748 690 1774 Paral.
706 1748 730 1773 V
748 1751 788 1774 10.
