1261 1917
533 40 630 64 EKTH
1051 36 1094 66 43

79 120 251 161 νεανίσκῳ,
275 117 327 149 καὶ
354 120 570 160 λογισάμενος
593 118 696 160 μηδὲν
720 119 804 151 οὕτω
834 119 912 159 μετὰ
942 118 1095 158 λαμπρὰν

80 171 245 212 εὐφημίαν
272 170 288 211 ἢ
317 172 377 212 τὴν
405 174 576 212 βασιλειάν
604 173 753 213 ὑστερεῖν
781 171 884 214 αὐτῷ,
914 172 1094 212 φοβεῖσθαι

79 223 132 255 καὶ
160 224 360 256 ὑποπτεύειν
382 225 501 265 ἤρξατο
530 226 589 257 τὸν
612 226 775 265 Δαυίδην.
823 224 931 264 <195>
955 223 1008 254 καὶ
1038 228 1095 264 τῆς

79 276 140 318 μὲν
164 278 294 319 πρώτης
317 278 450 317 τάξεως,
480 277 548 309 ε’πεὶ
577 282 621 320 τῷ
650 277 716 308 δεέι
745 279 886 317 πλησίον
914 276 1016 308 αὐτοῦ
1040 275 1093 307 καὶ

53 332 155 362 5λιάν
188 330 285 371 ἐγγὺς
318 330 422 362 ἐδόκει
457 330 606 372 (ἐποίησε
644 331 706 371 γὰρ
744 330 845 362 αὐτὸν
879 329 1094 370 ὁπλοφόρονι,

79 385 280 425 μεταστήσας
304 383 517 416 ἀποδείκνυσι
546 386 731 425 χιλίαρχον,
761 384 840 420 δοὺς
868 382 956 425 αὐτῷ
984 383 1094 423 χώραν

79 436 236 477 ἀμείνονα
260 435 321 478 μὲν
345 438 515 478 σφαλερὰν
543 436 590 477 δ’,
615 437 659 474 ὡς
684 436 845 478 ἐνόμιζεν,
870 435 970 478 αὐτῷ·
1001 435 1094 476 ἐβού-

79 493 151 521 λετο
176 491 238 531 γὰρ
263 491 309 527 εἰς
332 492 410 527 τοὺς
432 492 610 531 πολεμίους
633 490 736 521 αὐτὸν
760 489 936 530 ἐκπέμπειν
959 488 1012 520 καὶ
1037 489 1094 526 τὰς

79 543 183 584 μάχας
206 543 250 580 ὡς
274 542 310 574 ἐν
333 549 403 580 τοῖς
426 543 597 580 κινδύνοις
620 543 874 583 τεθνηξόμενον.

41 607 66 627 ιο
145 597 252 636 <196>
277 597 428 636 Δαυίδης
456 594 491 627 δὲ
515 601 683 637 πανταχοῦ
707 597 766 627 τὸν
789 597 872 627 θεὸν
897 595 1097 636 ἐπαγόμενος
1117 600 1131 623 2

79 649 153 680 ὅποι
169 648 240 680 ποτ’
259 649 410 689 ἀφίκοιτο
426 650 602 690 κατώρθου
620 648 673 680 καὶ
690 650 901 689 διευπραγῶν
916 648 1096 687 ἐδείκνυτο,

79 702 123 739 ὡς
147 701 190 733 δι’
217 703 405 743 ὑπερβολὴν
428 707 485 742 τῆς
509 702 664 743 ἀνδρείας
686 703 745 733 τόν
765 714 799 733 τε
819 703 900 733 λαὸν
920 701 1022 733 αὐτοῦ
1041 700 1095 732 καὶ

79 756 139 795 τὴν
163 756 319 786 Σαούλου
348 755 530 796 θυγατέρα,
561 754 733 796 παρθένον
761 753 805 786 ἔτ’
832 752 951 794 οὖσαν,
981 756 1096 795 λαβεῖν

80 809 197 849 ἔρωτα,
231 807 283 839 καὶ
312 812 372 839 τοῦ
399 808 530 845 πάθους
558 808 785 848 ὑπερκρατοῦς
813 809 908 844 ὄντος
937 807 1093 847 γενέσθαι

40 872 64 891 15
79 862 228 902 φανερὰν
251 860 303 892 καὶ
329 862 552 901 διαβληθῆναι
576 862 658 901 πρὸς
682 862 740 892 τὸν
763 860 896 902 πατέρα.
943 861 1052 901 (197)
1076 861 1093 892 ὃ

79 913 109 944 δ’
136 914 180 951 ὡς
203 913 335 954 ἀφορμῇ
360 915 562 954 χρησόμενος
585 918 642 954 τῆς
667 912 718 945 ἐπὶ
739 914 893 954 Δαυίδην
917 913 1094 955 ἐπιβουλῆς

78 966 181 1007 ἡδέως
206 967 334 1006 ἤκουσε,
358 966 411 997 καὶ
437 967 557 998 δώσειν
580 967 763 1008 προθύμως
782 967 870 1010 αὐτῷ
889 967 950 1007 τὴν
969 967 1093 1008 παρθέ-

78 1031 138 1050 νον
161 1021 243 1061 πρὸς
262 1021 339 1056 τοὺς
358 1020 416 1051 τὸν
432 1021 535 1060 ε”ρωτα
555 1021 765 1060 μηνύσαντας
784 1020 885 1060 αὐτῆς
901 1021 974 1061 ἔφη,
998 1032 1092 1061 γενή-

79 1074 219 1114 σόμενον
234 1073 397 1110 ἀπωλείας
411 1072 462 1104 καὶ
484 1073 652 1104 κινδύνων
672 1076 779 1105 αἴτιον
799 1073 886 1116 αὐτῷ
908 1073 1092 1117 ληψομένῳ.

39 1124 278 1166 εο“κατεγγυῶ’
306 1126 368 1167 γὰρ
403 1123 494 1157 εἶπεν
522 1126 626 1168 εαὐτῷ
660 1128 718 1158 τὸν
746 1131 803 1167 τῆς
830 1128 999 1168 θυγατρός
1029 1139 1093 1168 μου

79 1179 194 1220 γάμον,
213 1178 254 1210 ἂν
274 1177 442 1216 ἑξακοσίας
461 1190 515 1219 μοι
531 1181 650 1220 κομίσῃ
669 1180 814 1220 κεφαλὰς
833 1185 899 1210 τῶν
916 1182 1092 1220 πολεμίων.

78 1232 184 1271 <1ἷΙὸ>
210 1231 227 1263 ὃ
252 1230 288 1262 δὲ
312 1231 365 1262 καὶ
386 1231 489 1272 γέρως
508 1232 593 1263 οὕτω
614 1235 765 1273 λαμπροῦ
789 1232 1019 1273 προτεθέντος,
1039 1232 1092 1264 καὶ

78 1286 281 1326 βουλόμενος
321 1283 369 1315 ἐπ’
402 1286 486 1327 ε’ργῳ
523 1286 700 1328 παραβόλῳ
733 1285 787 1317 καὶ
821 1286 945 1329 ἀπίστῳ
979 1288 1094 1327 λαβεῖν

78 1338 181 1375 κλέος,
206 1338 341 1378 ὁρμήσει
366 1336 426 1378 μὲν
451 1337 502 1369 ἐπὶ
526 1338 586 1378 τὴν
609 1338 738 1378 πρᾶξιν,
770 1339 1034 1380 διαφθαρήσεται
1061 1339 1090 1371 δ’

40 1401 65 1420 25
78 1391 141 1423 ὑπὸ
166 1397 232 1422 τῶν
252 1394 497 1428 Παλαιστινῶν,
520 1391 573 1422 καὶ
593 1392 734 1432 χωρήσει
753 1404 808 1432 μοι
833 1393 871 1423 τὰ
894 1391 964 1423 κατ’
991 1393 1094 1425 αὐτὸν

79 1443 259 1484 εὐπρεπῶς·
280 1444 551 1485 ἀπαλλαγήσομαι
572 1445 633 1485 γὰρ
651 1444 764 1485 αὐτοῦ,
785 1444 828 1476 δι’
850 1446 961 1477 ἄλλων
980 1446 1092 1487 αὐτόν,

79 1496 149 1529 ἀλλ’
175 1496 248 1538 οὐχὶ
278 1496 322 1528 δι’
349 1497 492 1538 ἐμαυτοῦ
519 1498 668 1534 κτείνας’
716 1498 824 1538 <199>
854 1499 1028 1540 διάπειραν
1052 1501 1092 1541 δὴ

78 1555 135 1591 τῆς
157 1555 216 1582 τοῦ
235 1551 389 1582 Δαυίδου
413 1551 563 1588 διανοίας
581 1551 706 1582 κελεύει
726 1553 804 1589 τοὺς
823 1551 950 1590 οἰκέτας
969 1554 1093 1594 λαμβά-

79 1615 150 1635 νειν
177 1610 245 1641 πῶς
275 1605 339 1645 ἔχει
368 1605 450 1645 πρὸς
477 1605 514 1636 τὸ
543 1609 643 1644 γῆμαι
672 1604 733 1644 τὴν
760 1606 871 1645 κόρην.
923 1607 958 1637 οἳ
979 1606 1009 1637 δ’
1036 1608 1093 1647 ἥρ-

40 1665 66 1684 ³⁰
80 1656 174 1694 ξαντο
199 1656 411 1697 διαλέγεσθαι
440 1658 522 1698 πρὸς
550 1657 652 1689 αὐτὸν
681 1658 730 1689 ὅτι
755 1657 882 1699 στέργει
907 1657 967 1700 μὲν
990 1659 1093 1692 αὐτὸν

150 1720 164 1749 5
182 1720 230 1743 195
252 1731 284 1739 =
306 1721 318 1743 1
334 1717 402 1751 Reg.
421 1717 512 1743 XVIII
528 1720 568 1743 13.
