1261 1917
183 80 247 110 202
545 83 815 108 ΑΡΧΑΙΟΛΟΓΙΑΣ

181 168 315 200 σαντας,
343 161 360 192 ὅ
388 174 417 192 τι
445 162 564 200 πάντες
591 163 624 194 οἱ
645 149 712 195 τῶν
735 165 929 204 Αἰγυπτίων
953 167 1098 206 βασιλεῖς
1122 165 1184 197 ἀπὸ

180 214 330 245 Μιναίου
349 219 407 246 τοῦ
426 214 567 256 Μέμφιν
587 216 873 257 οἰκοδομήσαντος,
894 217 929 255 ὃς
949 219 1031 249 ἔτεσι
1051 221 1186 255 πολλοῖς

180 267 367 307 ἔμπροσθεν
391 266 518 307 ἐγένετο
543 272 602 299 τοῦ
625 269 759 301 πάππου
778 269 870 311 ἡμῶν
892 269 1065 312 Ἀβράμου,
1092 270 1184 312 μέχρι

179 321 392 360 Σολομῶνος,
420 322 583 352 πλειόνων
611 321 693 353 ἐτῶν
721 322 739 362 ἢ
768 325 965 364 τριακοσίων
987 322 1045 366 {noel
1069 325 1184 365 χιλίων

178 372 297 412 μεταξὺ
321 373 582 414 διεληλυθότων,
609 376 791 415 Φαραῶθαι
817 375 1014 416 ἐκλήθησαν,
1038 376 1101 408 ἀπὸ
1125 381 1184 408 τοῦ

177 423 245 465 μετ’
268 425 387 463 αὐτοὺς
411 426 447 457 έν
469 432 538 465 τοῖς
561 427 679 468 μεταξὺ
698 430 829 469 χρόνοις
848 430 1006 470 ἄρξαντος·
1025 428 1184 470 βασιλέως

180 479 361 519 Φαραῶνος
384 479 444 518 τὴν
466 482 691 521 προσηγορίαν
715 483 880 521 λαβόντες,
904 481 1083 521 ἀναγκαῖον
1107 481 1184 522 ἡγη-

178 531 285 571 σάμην
304 532 418 571 εἰπεῖν,
437 532 491 562 ἵνα
510 533 571 572 τὴν
585 533 724 573 ἄγνοιαν
739 534 848 565 αὐτῶν
863 534 973 575 ἀφέλω
988 534 1042 565 καὶ
1057 535 1182 574 ποιήσω

177 583 378 624 τούνόματος
397 585 545 625 φανερὰν
563 585 624 625 τὴν
641 587 749 617 αἰτίαν
769 587 817 617 ὅτι
836 587 979 628 Φαραὼν
993 586 1062 618 κατ’
1081 589 1184 627 Αἰγυ-

175 637 291 673 πτίους
310 635 444 676 βασιλέα
463 639 622 678 σημαίνει.
646 639 753 678 <156>
770 637 859 680 οἶμαι
875 639 907 670 δ’
926 639 1045 677 αὐτοὺς
1061 639 1095 671 ἐκ
1109 642 1183 671 παί-

177 689 245 720 δων
269 689 380 727 ἄλλοις
403 689 592 730 χρωμένους
616 691 789 732 ὀνόμασιν,
821 691 953 723 ἐπειδὰν
978 691 1014 724 δὲ
1038 694 1183 733 βασιλεῖς

175 741 345 781 γένωνται,
361 744 396 773 τὸ
413 749 574 783 σημαῖνον
589 743 698 775 αὐτῶν
713 745 773 785 τὴν
789 744 939 782 ἐξουσίαν
954 746 1034 776 κατὰ
1049 745 1108 785 τὴν
1123 745 1183 776 πά-

174 806 268 835 τριον
283 798 430 834 γλῶτταν
445 796 734 836 μετονομάζεσθαι.
763 797 816 828 καὶ
832 799 893 838 γὰρ
911 798 945 829 οἶ
963 802 1020 838 τῆς
1037 796 1183 835 Ἀλεξαν-

175 847 286 887 δρείας
314 849 459 888 βασιλεῖς
483 849 595 886 ἄλλοις
618 850 756 890 ὀνόμασι
785 851 982 891 καλούμενοι
1010 852 1181 892 πρότερον,

174 899 228 930 ὅτε
252 900 312 940 τὴν
336 903 505 941 βασιλείαν
530 903 663 942 ἔλαβον,
689 905 888 944 Πτολεμαῖοι
913 904 1182 945 προσηγορεύθη-

175 961 237 983 σαν
257 952 319 984 ἀπὸ
339 958 398 984 τοῦ
417 954 548 995 πρώτου
568 953 736 994 βασιλέως.
767 955 874 995 <157>
893 955 947 986 καὶ
967 956 1002 987 οἱ
1018 955 1183 997 Ῥωμαίων

175 1003 205 1036 δ’
232 1005 468 1047 αὐτοκράτορες
497 1006 531 1038 ἐκ
557 1012 689 1048 γενετῆς
713 1007 767 1039 ἀπ’
794 1009 903 1039 ἄλλων
927 1010 1182 1049 χρηματίσαντες

174 1058 346 1098 ὀνομάτων
369 1060 534 1100 Καίσαρες
557 1063 744 1099 καλοῦνται,
770 1065 827 1101 τῆς
850 1061 1025 1101 ἡγεμονίας
1048 1061 1100 1093 καὶ
1125 1067 1182 1102 τῆς

174 1115 268 1152 τιμῆς
296 1112 356 1151 τὴν
383 1113 607 1152 προσηγορίαν
631 1112 742 1150 αὐτοῖς
765 1112 922 1153 θεμένης,
951 1112 1022 1145 ἀλλ’
1049 1114 1107 1154 οὐχ
1132 1110 1182 1151 οἷς
1204 1131 1209 1136 ·

173 1164 237 1195 ὑπὸ
261 1170 327 1195 τῶν
351 1164 501 1206 πατέρων
520 1164 707 1205 ἐκλήθησαν
727 1167 855 1203 τούτοις
874 1165 1090 1207 ἐπιμένοντες.
1127 1178 1182 1198 νο-

172 1219 251 1257 μίζω
286 1216 320 1248 δὲ
349 1216 402 1248 καὶ
428 1216 609 1258 Ἡρόδοτον
636 1219 694 1249 τὸν
719 1218 973 1260 Ἁλικαρνασσέα
1002 1220 1056 1250 διὰ
1084 1224 1180 1251 τοῦτο

172 1271 251 1310 μετὰ
279 1272 429 1301 Μιναῖον
461 1271 519 1301 τὸν
548 1271 809 1311 οἰκοδομήσαντα
838 1271 979 1312 Μέμφιν
1006 1272 1181 1313 τριάκοντα

172 1322 226 1353 καὶ
250 1325 459 1363 τριακοσίους
483 1323 636 1363 βασιλέας
655 1325 847 1363 Αἰγυπτίων
867 1324 1023 1364 γενέσθαι
1043 1324 1180 1365 λέγοντα

171 1376 215 1416 μὴ
240 1376 384 1415 δηλῶσαι
409 1376 517 1406 αὐτῶν
541 1377 579 1406 τα
602 1377 756 1417 ὀνόματα,
781 1377 829 1408 ὅτι
853 1383 972 1414 κοινῶς
997 1379 1180 1419 Φαραῶθαι

172 1427 358 1459 ἐκαλοῦντο.
396 1428 504 1467 <1:38>
529 1427 582 1459 καὶ
606 1429 668 1469 γὰρ
693 1430 772 1469 μετὰ
795 1429 855 1469 τὴν
879 1430 1004 1460 τούτων
1025 1431 1179 1470 τελευτὴν

172 1481 327 1520 γυναικὸς
347 1481 586 1520 βασιλευσάσης
605 1481 691 1521 λέγει
712 1482 856 1522 τοῦνομα
877 1484 1041 1513 Νίκαυλιν
1059 1485 1178 1522 καλῶν,

172 1534 282 1572 δηλῶν
302 1533 346 1570 ὡς
365 1539 431 1564 τῶν
450 1531 510 1574 μὲν
530 1533 679 1574 ἀρρένων
698 1533 860 1574 βασιλέων
878 1534 938 1573 τὴν
958 1534 1060 1574 αὐτὴν
1079 1543 1179 1574 προσ-

171 1587 310 1625 ηγορίαν
331 1587 416 1625 ἔχειν
436 1585 641 1626 δυναμένων,
665 1590 722 1626 τῆς
742 1584 777 1616 δὲ
801 1587 957 1625 γυναικὸς
980 1585 1087 1617 οὐκέτι
1111 1598 1178 1618 κοι-

170 1643 292 1668 νωνεϊν
321 1637 461 1677 ἐκείνης,
489 1637 543 1669 καὶ
572 1638 626 1668 διὰ
654 1642 751 1669 τοῦτο
780 1636 869 1669 εἶπεν
896 1638 995 1678 αὐτῆς
1018 1640 1054 1670 τὸ
1079 1640 1177 1679 φύσει

172 1690 294 1730 δεῆσαν
323 1691 435 1730 ὄνομα.
483 1691 590 1730 <159>
618 1690 680 1730 ἐγὼ
705 1689 741 1722 δὲ
765 1689 816 1722 καὶ
843 1690 878 1722 έν
901 1696 969 1728 τοῖς
993 1691 1178 1733 ἐπιχωρίοις

170 1742 263 1783 ἡμῶν
292 1745 432 1783 βιβλίοις
460 1740 564 1783 ηὗρον
593 1744 641 1775 ὅτι
671 1744 749 1784 μετὰ
776 1744 966 1784 Φαραώθην
990 1745 1048 1775 τὸν
1072 1746 1176 1776 Σολο-

1197 1177 1222 1196 20

1249 1321 1261 1388 ι,

1194 1439 1219 1458 25

1191 1699 1217 1719 30

1251 1492 1254 1605 ξ

1252 1609 1256 1759 2,
