1261 1917
161 69 224 101 308
467 77 472 82 ¹
530 71 799 95 ΑΡΧΑΙοΛοΓῐΑΣ

160 150 239 190 νευὴ
259 150 474 192 κολυμβήθρα
493 150 613 187 ὕδατος
627 150 813 191 κινουμένη.
851 151 936 182 οὕτω
955 149 1008 182 καὶ
1029 150 1045 182 ὁ
1066 150 1168 191 δῆμος

161 203 244 240 ἅπας
268 204 503 244 ταραττόμενος
526 202 579 234 καὶ
603 204 882 244 κλυδωνιζόμενος
901 204 1064 244 οἰχήσεται
1089 203 1167 243 φεύ-

161 268 240 296 γων,
263 258 427 296 λεγόντων
449 258 531 297 πρὸς
554 256 716 296 ἀλλήλους
739 256 845 297 “στῆτε
868 255 922 288 καὶ
946 258 1090 297 μείνατε,
1113 254 1167 287 καὶ

160 310 284 349 χρυσὸν
312 309 424 346 αὑτοῖς
451 308 504 339 καὶ
533 310 679 350 ἄργυρον
707 309 892 350 ἁρπάσατε]
938 309 1054 349 (240)
1079 309 1168 339 ἔσται

161 361 191 392 δ’
218 360 328 398 οὐδεὶς
349 363 604 402 βουλησόμενος·
629 362 743 399 σώζειν
762 363 823 403 γὰρ
843 362 953 393 αὑτῶν
972 361 1167 401 ἐθελήσουσι
1183 373 1194 391 5

160 415 217 452 τὰς
240 415 348 455 ψυχὰς
370 417 495 455 μᾶλλον
519 414 537 454 ἢ
562 415 600 445 τὰ
619 416 776 455 κτήματα·
801 415 892 454 δεινὴ
912 415 973 455 γὰρ
993 411 1113 451 αὐτοὺς
1133 413 1168 445 ἐν

161 467 314 507 ἀλλήλοις
338 468 406 507 ἔρις
429 466 491 504 ἕξει
515 466 568 497 καὶ
592 470 727 507 θρῆνος,
751 467 887 508 πάρεσίς
910 478 944 498 τε
965 472 1031 498 τῶν
1051 469 1168 508 μελῶν,

160 521 197 551 αἴ
222 519 250 551 τ’
281 521 373 556 ὄψεις
401 519 464 550 ὑπὸ
492 524 551 550 τοῦ
585 521 693 560 φόβου
725 518 875 560 μέλαιναι
908 518 1024 556 τελέως
1057 519 1169 556 αὐτοῖς

160 573 363 612 γενήσονται.
406 572 514 611 <241>
533 576 597 603 ποῦ
617 570 653 603 δὲ
673 573 761 603 ἔσται
781 573 816 603 τὸ
836 572 1084 612 κατοικητήριον
1103 577 1169 603 τῶν

162 626 304 656 λεόντων
332 623 385 655 καὶ
414 624 433 664 ἡ
458 625 561 665 μήτηρ
586 625 752 665 σκύμνων;
782 624 867 664 λέγει
898 623 936 655 δέ
962 632 1013 655 σοι
1040 624 1057 655 ὁ
1080 625 1169 663 θεός,
1186 635 1209 653 ιο

163 678 304 717 Νινευή,
336 678 384 708 ὅτι
416 677 547 718 ἀφανιῶ
579 685 628 717 σε,
660 677 714 708 καὶ
745 677 853 709 οὐκέτι
884 676 1013 714 λέοντες
1043 676 1078 708 ἐκ
1108 681 1169 708 σοῦ

160 731 377 771 πορευόμενοι
405 729 591 767 ἐπιτάξουσι
616 735 659 772 τῷ
683 729 813 773 κόσμῳ.’
861 730 977 769 <242>
1005 728 1058 760 καὶ
1087 730 1169 761 ἄλλα

161 781 198 813 δὲ
216 784 321 814 πολλὰ
335 784 417 824 πρὸς
431 784 560 820 τούτοις
578 784 828 824 προυφήτευσεν
848 780 944 820 οὗτος
963 782 979 814 ὁ
999 783 1169 823 προφήτης

160 835 234 876 περὶ
262 838 422 876 Νινευῆς,
451 837 532 876 ἅπερ
561 835 670 875 λέγειν
698 836 757 867 οὐκ
786 836 965 875 ἀναγκαῖον
988 835 1169 875 ἡγησάμην,

161 889 216 918 ἵνα
241 886 277 919 δὲ
301 889 343 929 μὴ
368 894 436 925 τοῖς
460 888 717 929 ἐντυγχάνουσιν
745 889 882 929 ὀχληρὸς
907 889 1008 927 δοκῶ,
1036 887 1167 928 παρέλι-
1184 897 1207 915 ιῦ

160 951 233 971 πον.
280 940 401 981 συνέβη
426 939 461 971 δὲ
484 941 590 972 πάντα
616 942 654 972 τὰ
678 940 897 982 προειρημένα
925 940 998 981 περὶ
1024 942 1169 980 Νινευῆς

162 991 230 1033 μετ’
258 994 310 1033 ἒτη
336 992 451 1024 ἑκατὸν
474 993 527 1025 καὶ
551 994 792 1025 πεντεκαίδεκα.

227 1045 301 1087 περὶ
325 1044 386 1086 μὲν
409 1043 470 1077 οὖν
489 1047 615 1077 τούτων
639 1046 855 1086 ἀποχρώντως
877 1046 956 1086 ἡμῖν
976 1046 1168 1085 δεδήλωται·

112 1098 278 1137 19<243>
306 1099 323 1129 ὁ
352 1097 382 1129 δ’
411 1097 568 1139 Ἰώθαμος
596 1098 792 1139 μετήλλαξεν
821 1099 874 1138 ἔτη
903 1099 1024 1139 βιώσας
1051 1098 1088 1128 ἓν
1115 1097 1168 1128 καὶ

162 1151 412 1192 τετταράκοντα,
437 1152 632 1192 βασιλεύσας
656 1150 685 1182 δ’
713 1150 744 1188 ἐξ
769 1151 878 1182 αὐτῶν
902 1150 1084 1190 ἑκκαίδεκα,
1108 1150 1169 1181 θά-
1184 1140 1204 1177 ε’

161 1215 272 1235 πτεται
303 1203 332 1234 δ’
359 1203 394 1235 ἑν
422 1210 493 1241 ταῖς
521 1206 705 1244 βασιλικαῖς
733 1204 861 1243 θήκαις.
908 1205 1033 1245 ἔρχεται
1063 1201 1092 1233 δ’
1124 1203 1170 1239 εἰς

161 1257 219 1287 τὸν
243 1257 318 1287 υἱὸν
342 1257 444 1288 αὐτοῦ
462 1255 594 1297 Ἀχάζην
612 1256 632 1296 ἡ
652 1258 811 1297 βασιλεία,
836 1256 872 1293 ὃς
890 1255 1103 1296 ἀσεβέστατος
1122 1256 1169 1292 εἰς

162 1310 219 1340 τὸν
238 1310 320 1340 θεὸν
340 1311 515 1350 γενόμενος
533 1308 587 1340 καὶ
606 1310 683 1346 τοὺς
702 1311 859 1350 πατρίους
879 1309 1028 1349 παραβὰς
1047 1309 1169 1348 νόμους

162 1363 238 1398 τοὺς
255 1361 463 1403 Ἰσραηλιτῶν
486 1361 639 1403 βασιλέας
659 1361 846 1402 ἐμιμήσατο,
870 1363 1001 1402 βωμοὺς
1024 1360 1059 1392 ἐν
1074 1360 1169 1402 Ἱερο-

163 1415 319 1455 σολύμοις
338 1415 522 1455 ἀναστήσας
535 1414 590 1445 καὶ
609 1415 704 1445 θύων
724 1413 772 1445 ἐπ’
795 1415 905 1445 αὐτῶν
923 1420 992 1451 τοῖς
1012 1414 1169 1451 εἰδώλοις,
1184 1421 1209 1439 25

163 1463 212 1504 οἷς
240 1467 292 1499 καὶ
323 1468 410 1499 ἴδιον
434 1468 646 1499 ὡλοκαύτωσε
673 1468 774 1498 παῖδα
802 1468 882 1498 κατὰ
910 1467 948 1497 τὰ
974 1467 1169 1497 Χαναναίων

164 1521 236 1560 ἔθη,
258 1519 311 1551 καὶ
331 1521 459 1557 τούτοις
478 1521 560 1552 ἄλλα
579 1521 788 1561 παραπλήσια
808 1519 1023 1560 διεπράττετο.
1061 1518 1168 1558 <244>

164 1573 296 1612 ἔχοντος
315 1572 343 1603 δ’
368 1573 452 1604 οὕτω
476 1572 529 1604 καὶ
549 1574 740 1613 μεμηνότος,
764 1572 976 1612 ἐστράτευσεν
996 1569 1045 1602 ἐπ’
1068 1570 1169 1601 αὐτὸν

163 1625 180 1656 ὁ
204 1630 270 1656 τῶν
294 1625 416 1665 Σύρων
443 1624 496 1656 καὶ
520 1628 750 1665 Δαμασκηνῶν
778 1625 931 1664 βασιλεὺς
952 1623 1088 1663 Ἀράσης
1115 1621 1169 1653 καὶ

234 1696 248 1725 ⁴}
269 1696 320 1719 240
341 1706 372 1715 =
393 1693 511 1718 Nahum.
532 1693 556 1718 Π
576 1696 669 1719 8-13.
779 1696 792 1723 ἓ
813 1695 863 1718 243
884 1705 916 1714 =
936 1695 952 1717 4
971 1692 1039 1724 Reg.
1059 1691 1121 1718 XVI
1141 1694 1168 1722 13

163 1741 178 1763 2
194 1737 284 1763 Paral.
301 1737 416 1763 XXYIH
433 1740 454 1763 1.
