<?xml version="1.0" encoding="UTF-8"?>
<!DOCTYPE html PUBLIC "-//W3C//DTD XHTML 1.0 Transitional//EN"
    "http://www.w3.org/TR/xhtml1/DTD/xhtml1-transitional.dtd">
<html xmlns="http://www.w3.org/1999/xhtml" xml:lang="en" lang="en">
 <head>
  <title>
</title>
<meta http-equiv="Content-Type" content="text/html;charset=utf-8" />
  <meta name='ocr-system' content='tesseract 3.04.00' />
  <meta name='ocr-capabilities' content='ocr_page ocr_carea ocr_par ocr_line ocrx_word'/>
</head>
<body>
  <div class='ocr_page' id='page_1' title='image "./flaviiiosephiope02joseuoft_0067.png"; bbox 0 0 1261 1917; ppageno 0'>
   <div class='ocr_carea' id='block_1_1' title="bbox 570 68 1124 98">
    <p class='ocr_par' dir='ltr' id='par_1_1' title="bbox 570 68 1124 98">
     <span class='ocr_line' id='line_1_1' title="bbox 570 68 1124 98; baseline 0.011 -6"><span class='ocrx_word' id='word_1_1' title='bbox 570 69 666 92; x_wconf 80' lang='lat' dir='ltr'>EKTH</span> <span class='ocrx_word' id='word_1_2' title='bbox 1085 68 1124 98; x_wconf 88' lang='grc'><em>19</em></span> 
     </span>
    </p>
   </div>
   <div class='ocr_carea' id='block_1_2' title="bbox 64 147 1126 1781">
    <p class='ocr_par' dir='ltr' id='par_1_2' title="bbox 64 147 1126 1781">
     <span class='ocr_line' id='line_1_2' title="bbox 111 147 1125 191; baseline 0.001 -12"><span class='ocrx_word' id='word_1_3' title='bbox 111 149 275 189; x_wconf 89' lang='grc' dir='ltr'><em>νούμενον</em></span> <span class='ocrx_word' id='word_1_4' title='bbox 289 147 342 179; x_wconf 87' lang='grc' dir='ltr'><em>καὶ</em></span> <span class='ocrx_word' id='word_1_5' title='bbox 359 148 456 188; x_wconf 80' lang='grc' dir='ltr'><em>δόξης</em></span> <span class='ocrx_word' id='word_1_6' title='bbox 470 148 679 180; x_wconf 77' lang='grc' dir='ltr'><strong><em>ἀπολαύοντα</em></strong></span> <span class='ocrx_word' id='word_1_7' title='bbox 700 151 893 189; x_wconf 84' lang='grc' dir='ltr'><em>θαυμαστῆς</em></span> <span class='ocrx_word' id='word_1_8' title='bbox 913 147 962 180; x_wconf 82' lang='grc' dir='ltr'><em>ἐπ’</em></span> <span class='ocrx_word' id='word_1_9' title='bbox 980 148 1125 191; x_wconf 77' lang='grc' dir='ltr'><em>ἀνδρείᾳ.</em></span> 
     </span>
     <span class='ocr_line' id='line_1_3' title="bbox 109 199 1126 243; baseline 0.001 -11"><span class='ocrx_word' id='word_1_10' title='bbox 109 200 161 232; x_wconf 78' lang='grc' dir='ltr'><em>καὶ</em></span> <span class='ocrx_word' id='word_1_11' title='bbox 188 202 250 241; x_wconf 85' lang='grc' dir='ltr'><em>γὰρ</em></span> <span class='ocrx_word' id='word_1_12' title='bbox 275 204 307 232; x_wconf 73' lang='grc' dir='ltr'><em>εἷ’</em></span> <span class='ocrx_word' id='word_1_13' title='bbox 323 213 410 238; x_wconf 88' lang='grc' dir='ltr'><em>τινες</em></span> <span class='ocrx_word' id='word_1_14' title='bbox 429 199 513 241; x_wconf 80' lang='grc' dir='ltr'><em>ἦσαν</em></span> <span class='ocrx_word' id='word_1_15' title='bbox 533 203 568 232; x_wconf 80' lang='grc' dir='ltr'><em>οἳ</em></span> <span class='ocrx_word' id='word_1_16' title='bbox 584 203 745 242; x_wconf 88' lang='grc' dir='ltr'><em>πρότερον</em></span> <span class='ocrx_word' id='word_1_17' title='bbox 764 201 867 232; x_wconf 88' lang='grc' dir='ltr'><em>αὐτοῦ</em></span> <span class='ocrx_word' id='word_1_18' title='bbox 887 203 1126 243; x_wconf 79' lang='grc' dir='ltr'><em>κατεφρόνουν,</em></span> 
     </span>
     <span class='ocr_line' id='line_1_4' title="bbox 109 253 1125 296; baseline 0.001 -11"><span class='ocrx_word' id='word_1_19' title='bbox 109 256 181 286; x_wconf 87' lang='grc' dir='ltr'><em>τότε</em></span> <span class='ocrx_word' id='word_1_20' title='bbox 196 253 395 295; x_wconf 80' lang='grc' dir='ltr'><em>μετέστησαν</em></span> <span class='ocrx_word' id='word_1_21' title='bbox 411 253 462 286; x_wconf 82' lang='grc' dir='ltr'><em>ἐπὶ</em></span> <span class='ocrx_word' id='word_1_22' title='bbox 483 256 518 286; x_wconf 91' lang='grc' dir='ltr'><em>τὸ</em></span> <span class='ocrx_word' id='word_1_23' title='bbox 538 259 636 295; x_wconf 85' lang='grc' dir='ltr'><em>τιμᾶν</em></span> <span class='ocrx_word' id='word_1_24' title='bbox 655 253 709 285; x_wconf 82' lang='grc' dir='ltr'><em>καὶ</em></span> <span class='ocrx_word' id='word_1_25' title='bbox 728 254 862 286; x_wconf 73' lang='grc' dir='ltr'><em>πάντων</em></span> <span class='ocrx_word' id='word_1_26' title='bbox 881 255 1017 295; x_wconf 75' lang='grc' dir='ltr'><em>ἄριστον</em></span> <span class='ocrx_word' id='word_1_27' title='bbox 1033 257 1125 296; x_wconf 91' lang='grc' dir='ltr'><em>νομί-</em></span> 
     </span>
     <span class='ocr_line' id='line_1_5' title="bbox 110 306 1125 350; baseline 0.001 -12"><span class='ocrx_word' id='word_1_28' title='bbox 110 309 183 346; x_wconf 83' lang='grc' dir='ltr'><em>ζειν.</em></span> <span class='ocrx_word' id='word_1_29' title='bbox 223 307 263 339; x_wconf 85' lang='grc' dir='ltr'><em>οὐ</em></span> <span class='ocrx_word' id='word_1_30' title='bbox 283 308 345 348; x_wconf 80' lang='grc' dir='ltr'><em>γὰρ</em></span> <span class='ocrx_word' id='word_1_31' title='bbox 364 308 501 348; x_wconf 79' lang='grc' dir='ltr'><em>ἤρκεσεν</em></span> <span class='ocrx_word' id='word_1_32' title='bbox 522 307 610 350; x_wconf 80' lang='grc' dir='ltr'><em>αὐτῷ</em></span> <span class='ocrx_word' id='word_1_33' title='bbox 630 309 707 344; x_wconf 83' lang='grc' dir='ltr'><em>τοὺς</em></span> <span class='ocrx_word' id='word_1_34' title='bbox 723 306 928 348; x_wconf 74' lang='grc' dir='ltr'><em>Ἰαβισηνοὺς</em></span> <span class='ocrx_word' id='word_1_35' title='bbox 947 307 1125 339; x_wconf 77' lang='grc' dir='ltr'><em>σεσωκέναι</em></span> 
     </span>
     <span class='ocr_line' id='line_1_6' title="bbox 81 359 1126 402; baseline 0 -10"><span class='ocrx_word' id='word_1_36' title='bbox 81 362 226 401; x_wconf 72' lang='grc' dir='ltr'><em>ὀμόνον,</em></span> <span class='ocrx_word' id='word_1_37' title='bbox 262 360 344 392; x_wconf 74' lang='grc' dir='ltr'><em>ἀλλὰ</em></span> <span class='ocrx_word' id='word_1_38' title='bbox 378 360 428 392; x_wconf 77' lang='grc' dir='ltr'><em>καὶ</em></span> <span class='ocrx_word' id='word_1_39' title='bbox 465 365 502 402; x_wconf 73' lang='grc' dir='ltr'><em>τῇ</em></span> <span class='ocrx_word' id='word_1_40' title='bbox 537 366 602 392; x_wconf 90' lang='grc' dir='ltr'><em>τῶν</em></span> <span class='ocrx_word' id='word_1_41' title='bbox 633 359 838 402; x_wconf 76' lang='grc' dir='ltr'><em>Ἀμμανιτῶν</em></span> <span class='ocrx_word' id='word_1_42' title='bbox 872 360 1126 402; x_wconf 79' lang='grc' dir='ltr'><em>ἐπιστρατεύσας</em></span> 
     </span>
     <span class='ocr_line' id='line_1_7' title="bbox 107 413 1125 455; baseline 0 -10"><span class='ocrx_word' id='word_1_43' title='bbox 107 415 197 455; x_wconf 77' lang='grc' dir='ltr'><em>χώρα</em></span> <span class='ocrx_word' id='word_1_44' title='bbox 220 418 329 445; x_wconf 83' lang='grc' dir='ltr'><em>πᾶσαν</em></span> <span class='ocrx_word' id='word_1_45' title='bbox 353 414 456 454; x_wconf 80' lang='grc' dir='ltr'><em>αὐτὴν</em></span> <span class='ocrx_word' id='word_1_46' title='bbox 480 413 752 455; x_wconf 80' lang='grc' dir='ltr'><em>καταστρέφεται,</em></span> <span class='ocrx_word' id='word_1_47' title='bbox 780 413 831 445; x_wconf 81' lang='grc' dir='ltr'><em>καὶ</em></span> <span class='ocrx_word' id='word_1_48' title='bbox 863 414 989 454; x_wconf 86' lang='grc' dir='ltr'><em>πολλὴν</em></span> <span class='ocrx_word' id='word_1_49' title='bbox 1013 414 1125 454; x_wconf 84' lang='grc' dir='ltr'><em>λαβὼν</em></span> 
     </span>
     <span class='ocr_line' id='line_1_8' title="bbox 108 465 1125 508; baseline 0 -10"><span class='ocrx_word' id='word_1_50' title='bbox 108 469 200 498; x_wconf 88' lang='grc' dir='ltr'><em>λειάν</em></span> <span class='ocrx_word' id='word_1_51' title='bbox 224 468 371 508; x_wconf 82' lang='grc' dir='ltr'><em>λαμπρὸς</em></span> <span class='ocrx_word' id='word_1_52' title='bbox 395 468 442 504; x_wconf 76' lang='grc' dir='ltr'><em>εἰς</em></span> <span class='ocrx_word' id='word_1_53' title='bbox 466 467 525 507; x_wconf 89' lang='grc' dir='ltr'><em>τὴν</em></span> <span class='ocrx_word' id='word_1_54' title='bbox 545 468 671 498; x_wconf 77' lang='grc' dir='ltr'><em>οἰκείαν</em></span> <span class='ocrx_word' id='word_1_55' title='bbox 690 466 903 508; x_wconf 83' lang='grc' dir='ltr'><em>ὑπέστρεψεν.</em></span> <span class='ocrx_word' id='word_1_56' title='bbox 945 467 1030 507; x_wconf 84' lang='grc'>&lt;81&gt;</span> <span class='ocrx_word' id='word_1_57' title='bbox 1051 467 1068 498; x_wconf 85' lang='grc' dir='ltr'>ὁ</span> <span class='ocrx_word' id='word_1_58' title='bbox 1089 465 1125 498; x_wconf 72' lang='grc' dir='ltr'><em>δὲ</em></span> 
     </span>
     <span class='ocr_line' id='line_1_9' title="bbox 108 519 1125 563; baseline -0.001 -11"><span class='ocrx_word' id='word_1_59' title='bbox 108 521 185 557; x_wconf 82' lang='grc' dir='ltr'><em>λαὸς</em></span> <span class='ocrx_word' id='word_1_60' title='bbox 213 519 271 561; x_wconf 78' lang='grc' dir='ltr'><em>ὑφ’</em></span> <span class='ocrx_word' id='word_1_61' title='bbox 303 519 422 560; x_wconf 77' lang='grc' dir='ltr'><em>ἡδονῆς</em></span> <span class='ocrx_word' id='word_1_62' title='bbox 451 526 517 552; x_wconf 87' lang='grc' dir='ltr'><em>τῶν</em></span> <span class='ocrx_word' id='word_1_63' title='bbox 546 521 687 563; x_wconf 77' lang='grc' dir='ltr'><em>Σαούλῳ</em></span> <span class='ocrx_word' id='word_1_64' title='bbox 716 519 988 562; x_wconf 80' lang='grc' dir='ltr'><em>κατωρθωμένων</em></span> <span class='ocrx_word' id='word_1_65' title='bbox 1017 521 1125 561; x_wconf 86' lang='grc' dir='ltr'><em>ἔχαιρε</em></span> 
     </span>
     <span class='ocr_line' id='line_1_10' title="bbox 107 571 1125 614; baseline 0 -10"><span class='ocrx_word' id='word_1_66' title='bbox 107 571 168 614; x_wconf 75' lang='grc' dir='ltr'><em>μὲν</em></span> <span class='ocrx_word' id='word_1_67' title='bbox 196 573 245 604; x_wconf 83' lang='grc' dir='ltr'><em>ὅτι</em></span> <span class='ocrx_word' id='word_1_68' title='bbox 270 577 422 604; x_wconf 83' lang='grc' dir='ltr'><em>τοιοῦτον</em></span> <span class='ocrx_word' id='word_1_69' title='bbox 447 572 671 614; x_wconf 83' lang='grc' dir='ltr'><em>ἐχειροτόνησε</em></span> <span class='ocrx_word' id='word_1_70' title='bbox 695 572 845 614; x_wconf 77' lang='grc' dir='ltr'><em>βασιλέα,</em></span> <span class='ocrx_word' id='word_1_71' title='bbox 873 574 957 614; x_wconf 88' lang='grc' dir='ltr'><em>πρὸς</em></span> <span class='ocrx_word' id='word_1_72' title='bbox 985 571 1021 604; x_wconf 77' lang='grc' dir='ltr'><em>δὲ</em></span> <span class='ocrx_word' id='word_1_73' title='bbox 1047 574 1125 610; x_wconf 85' lang='grc' dir='ltr'><em>τοὺς</em></span> 
     </span>
     <span class='ocr_line' id='line_1_11' title="bbox 67 624 1125 667; baseline 0.001 -10"><span class='ocrx_word' id='word_1_74' title='bbox 67 636 92 654; x_wconf 86' lang='lat'><em>10</em></span> <span class='ocrx_word' id='word_1_75' title='bbox 107 624 207 657; x_wconf 75' lang='grc' dir='ltr'><em>οὐδὲν</em></span> <span class='ocrx_word' id='word_1_76' title='bbox 234 627 355 666; x_wconf 80' lang='grc' dir='ltr'><em>ὄφελος</em></span> <span class='ocrx_word' id='word_1_77' title='bbox 383 626 485 657; x_wconf 81' lang='grc' dir='ltr'><em>αὐτὸν</em></span> <span class='ocrx_word' id='word_1_78' title='bbox 514 628 648 658; x_wconf 75' lang='grc' dir='ltr'><em>ἔσεσθαι</em></span> <span class='ocrx_word' id='word_1_79' title='bbox 678 631 746 663; x_wconf 74' lang='grc' dir='ltr'><em>τοῖς</em></span> <span class='ocrx_word' id='word_1_80' title='bbox 774 626 941 667; x_wconf 78' lang='grc' dir='ltr'><em>πράγμασι</em></span> <span class='ocrx_word' id='word_1_81' title='bbox 968 625 1125 666; x_wconf 84' lang='grc' dir='ltr'><em>λέγοντας</em></span> 
     </span>
     <span class='ocr_line' id='line_1_12' title="bbox 107 677 1124 720; baseline 0 -10"><span class='ocrx_word' id='word_1_82' title='bbox 107 679 212 720; x_wconf 83' lang='grc' dir='ltr'><em>ἐβόων</em></span> <span class='ocrx_word' id='word_1_83' title='bbox 237 679 312 710; x_wconf 60' lang='lat' dir='ltr'><em>‘nov</em></span> <span class='ocrx_word' id='word_1_84' title='bbox 332 684 396 711; x_wconf 89' lang='grc' dir='ltr'><em>νῦν</em></span> <span class='ocrx_word' id='word_1_85' title='bbox 416 678 500 710; x_wconf 77' lang='grc' dir='ltr'><em>εἰσὶν</em></span> <span class='ocrx_word' id='word_1_86' title='bbox 523 677 639 717; x_wconf 72' lang='grc' dir='ltr'><em>οὗτοι;’</em></span> <span class='ocrx_word' id='word_1_87' title='bbox 664 678 717 710; x_wconf 85' lang='grc' dir='ltr'><em>καὶ</em></span> <span class='ocrx_word' id='word_1_88' title='bbox 743 679 904 710; x_wconf 67' lang='grc' dir='ltr'><em>’δότωσαν</em></span> <span class='ocrx_word' id='word_1_89' title='bbox 925 679 1045 719; x_wconf 84' lang='grc' dir='ltr'><em>δίκην·’</em></span> <span class='ocrx_word' id='word_1_90' title='bbox 1070 678 1124 711; x_wconf 82' lang='grc' dir='ltr'><em>καὶ</em></span> 
     </span>
     <span class='ocr_line' id='line_1_13' title="bbox 106 731 1124 773; baseline 0.001 -10"><span class='ocrx_word' id='word_1_91' title='bbox 106 731 208 763; x_wconf 71' lang='grc' dir='ltr'><em>πάνθ’</em></span> <span class='ocrx_word' id='word_1_92' title='bbox 235 733 295 763; x_wconf 78' lang='grc' dir='ltr'><em>ὅσα</em></span> <span class='ocrx_word' id='word_1_93' title='bbox 320 735 411 772; x_wconf 83' lang='grc' dir='ltr'><em>φιλεῖ</em></span> <span class='ocrx_word' id='word_1_94' title='bbox 435 731 544 772; x_wconf 82' lang='grc' dir='ltr'><em>λέγειν</em></span> <span class='ocrx_word' id='word_1_95' title='bbox 568 734 664 773; x_wconf 80' lang='grc' dir='ltr'><em>ὄχλος</em></span> <span class='ocrx_word' id='word_1_96' title='bbox 689 731 737 764; x_wconf 84' lang='grc' dir='ltr'><em>ἐπ’</em></span> <span class='ocrx_word' id='word_1_97' title='bbox 765 733 958 773; x_wconf 83' lang='grc' dir='ltr'><em>εὐπραγίαις</em></span> <span class='ocrx_word' id='word_1_98' title='bbox 985 731 1124 773; x_wconf 77' lang='grc' dir='ltr'><em>ἠρμένος</em></span> 
     </span>
     <span class='ocr_line' id='line_1_14' title="bbox 105 785 1124 826; baseline 0.001 -10"><span class='ocrx_word' id='word_1_99' title='bbox 105 786 188 825; x_wconf 84' lang='grc' dir='ltr'><em>πρὸς</em></span> <span class='ocrx_word' id='word_1_100' title='bbox 211 787 288 823; x_wconf 84' lang='grc' dir='ltr'><em>τοὺς</em></span> <span class='ocrx_word' id='word_1_101' title='bbox 308 785 565 823; x_wconf 81' lang='grc' dir='ltr'><em>ἐξευτελίζοντας</em></span> <span class='ocrx_word' id='word_1_102' title='bbox 590 787 726 826; x_wconf 76' lang='grc' dir='ltr'><em>ἔναγχος</em></span> <span class='ocrx_word' id='word_1_103' title='bbox 745 788 822 823; x_wconf 83' lang='grc' dir='ltr'><em>τοὺς</em></span> <span class='ocrx_word' id='word_1_104' title='bbox 841 786 968 817; x_wconf 85' lang='grc' dir='ltr'><em>τούτων</em></span> <span class='ocrx_word' id='word_1_105' title='bbox 989 787 1124 823; x_wconf 83' lang='grc' dir='ltr'><em>αἰτίους.</em></span> 
     </span>
     <span class='ocr_line' id='line_1_15' title="bbox 107 837 1124 879; baseline 0 -9"><span class='ocrx_word' id='word_1_106' title='bbox 107 838 194 878; x_wconf 56' lang='lat' dir='ltr'>&lt;Si-J&gt;</span> <span class='ocrx_word' id='word_1_107' title='bbox 225 838 378 876; x_wconf 70' lang='grc' dir='ltr'><em>Σάουλος</em></span> <span class='ocrx_word' id='word_1_108' title='bbox 406 837 441 870; x_wconf 78' lang='grc' dir='ltr'><em>δὲ</em></span> <span class='ocrx_word' id='word_1_109' title='bbox 470 839 597 870; x_wconf 84' lang='grc' dir='ltr'><em>τούτων</em></span> <span class='ocrx_word' id='word_1_110' title='bbox 625 837 685 879; x_wconf 76' lang='grc' dir='ltr'><em>μὲν</em></span> <span class='ocrx_word' id='word_1_111' title='bbox 714 838 871 878; x_wconf 79' lang='grc' dir='ltr'><em>ἠσπάζετο</em></span> <span class='ocrx_word' id='word_1_112' title='bbox 900 839 961 879; x_wconf 83' lang='grc' dir='ltr'><em>τὴν</em></span> <span class='ocrx_word' id='word_1_113' title='bbox 989 839 1124 870; x_wconf 79' lang='grc' dir='ltr'><em>εὔνοιαν</em></span> 
     </span>
     <span class='ocr_line' id='line_1_16' title="bbox 67 889 1123 932; baseline 0 -10"><span class='ocrx_word' id='word_1_114' title='bbox 67 900 91 919; x_wconf 82' lang='lat'><em>15</em></span> <span class='ocrx_word' id='word_1_115' title='bbox 106 890 157 922; x_wconf 82' lang='grc' dir='ltr'><em>καὶ</em></span> <span class='ocrx_word' id='word_1_116' title='bbox 193 892 252 931; x_wconf 85' lang='grc' dir='ltr'><em>τὴν</em></span> <span class='ocrx_word' id='word_1_117' title='bbox 285 890 357 931; x_wconf 81' lang='grc' dir='ltr'><em>περὶ</em></span> <span class='ocrx_word' id='word_1_118' title='bbox 393 891 495 922; x_wconf 85' lang='grc' dir='ltr'><em>αὐτὸν</em></span> <span class='ocrx_word' id='word_1_119' title='bbox 528 893 736 932; x_wconf 77' lang='grc' dir='ltr'><em>προθυμίαν,</em></span> <span class='ocrx_word' id='word_1_120' title='bbox 769 892 876 932; x_wconf 82' lang='grc' dir='ltr'><em>ὤμοσε</em></span> <span class='ocrx_word' id='word_1_121' title='bbox 911 889 946 922; x_wconf 73' lang='grc' dir='ltr'><em>δὲ</em></span> <span class='ocrx_word' id='word_1_122' title='bbox 977 893 1021 932; x_wconf 85' lang='grc' dir='ltr'><em>μή</em></span> <span class='ocrx_word' id='word_1_123' title='bbox 1049 904 1123 923; x_wconf 86' lang='grc' dir='ltr'><em>τινα</em></span> 
     </span>
     <span class='ocr_line' id='line_1_17' title="bbox 105 943 1125 989; baseline 0 -14"><span class='ocrx_word' id='word_1_124' title='bbox 105 946 325 986; x_wconf 78' lang='grc' dir='ltr'><em>περιόψεσθαι</em></span> <span class='ocrx_word' id='word_1_125' title='bbox 355 950 420 975; x_wconf 88' lang='grc' dir='ltr'><em>τῶν</em></span> <span class='ocrx_word' id='word_1_126' title='bbox 445 944 626 985; x_wconf 81' lang='grc' dir='ltr'><em>ὁμοφύλων</em></span> <span class='ocrx_word' id='word_1_127' title='bbox 655 944 898 986; x_wconf 78' lang='grc' dir='ltr'><em>ἀναιρούμενον</em></span> <span class='ocrx_word' id='word_1_128' title='bbox 922 943 970 989; x_wconf 83' lang='grc' dir='ltr'><em>ἐπ’</em></span> <span class='ocrx_word' id='word_1_129' title='bbox 999 944 1125 985; x_wconf 82' lang='grc' dir='ltr'><em>ἐκείνης</em></span> 
     </span>
     <span class='ocr_line' id='line_1_18' title="bbox 105 995 1123 1038; baseline 0.001 -10"><span class='ocrx_word' id='word_1_130' title='bbox 105 1002 162 1038; x_wconf 86' lang='grc' dir='ltr'><em>τῆς</em></span> <span class='ocrx_word' id='word_1_131' title='bbox 185 997 319 1038; x_wconf 81' lang='grc' dir='ltr'><em>ἡμέρας·</em></span> <span class='ocrx_word' id='word_1_132' title='bbox 344 998 469 1029; x_wconf 77' lang='grc' dir='ltr'><em>ἄτοπον</em></span> <span class='ocrx_word' id='word_1_133' title='bbox 493 998 554 1038; x_wconf 82' lang='grc' dir='ltr'><em>γὰρ</em></span> <span class='ocrx_word' id='word_1_134' title='bbox 576 995 659 1029; x_wconf 80' lang='grc' dir='ltr'><em>εἶναι</em></span> <span class='ocrx_word' id='word_1_135' title='bbox 685 998 745 1038; x_wconf 83' lang='grc' dir='ltr'><em>τὴν</em></span> <span class='ocrx_word' id='word_1_136' title='bbox 764 998 828 1029; x_wconf 80' lang='grc' dir='ltr'><em>ὑπὸ</em></span> <span class='ocrx_word' id='word_1_137' title='bbox 848 1002 907 1029; x_wconf 87' lang='grc' dir='ltr'><em>τοῦ</em></span> <span class='ocrx_word' id='word_1_138' title='bbox 927 1001 1010 1029; x_wconf 83' lang='grc' dir='ltr'><em>θεοῦ</em></span> <span class='ocrx_word' id='word_1_139' title='bbox 1031 998 1123 1029; x_wconf 89' lang='grc' dir='ltr'><em>δεδο-</em></span> 
     </span>
     <span class='ocr_line' id='line_1_19' title="bbox 105 1049 1124 1094; baseline 0 -12"><span class='ocrx_word' id='word_1_140' title='bbox 105 1051 208 1092; x_wconf 81' lang='grc' dir='ltr'><em>μένην</em></span> <span class='ocrx_word' id='word_1_141' title='bbox 237 1053 334 1091; x_wconf 83' lang='grc' dir='ltr'><em>νίκην</em></span> <span class='ocrx_word' id='word_1_142' title='bbox 363 1051 474 1092; x_wconf 75' lang='grc' dir='ltr'><em>αἵματι</em></span> <span class='ocrx_word' id='word_1_143' title='bbox 505 1055 609 1091; x_wconf 84' lang='grc' dir='ltr'><em>φῦραι</em></span> <span class='ocrx_word' id='word_1_144' title='bbox 637 1049 691 1081; x_wconf 81' lang='grc' dir='ltr'><em>καὶ</em></span> <span class='ocrx_word' id='word_1_145' title='bbox 720 1052 813 1094; x_wconf 80' lang='grc' dir='ltr'><em>φόνῳ</em></span> <span class='ocrx_word' id='word_1_146' title='bbox 841 1055 908 1082; x_wconf 86' lang='grc' dir='ltr'><em>τῶν</em></span> <span class='ocrx_word' id='word_1_147' title='bbox 940 1050 974 1082; x_wconf 88' lang='grc' dir='ltr'><em>ἐκ</em></span> <span class='ocrx_word' id='word_1_148' title='bbox 1002 1051 1124 1082; x_wconf 86' lang='grc' dir='ltr'><em>ταύτοῦ</em></span> 
     </span>
     <span class='ocr_line' id='line_1_20' title="bbox 106 1102 1123 1144; baseline 0 -9"><span class='ocrx_word' id='word_1_149' title='bbox 106 1103 224 1143; x_wconf 88' lang='grc' dir='ltr'><em>γένους</em></span> <span class='ocrx_word' id='word_1_150' title='bbox 248 1104 375 1143; x_wconf 79' lang='grc' dir='ltr'><em>αὐτοῖς,</em></span> <span class='ocrx_word' id='word_1_151' title='bbox 403 1103 541 1144; x_wconf 80' lang='grc' dir='ltr'><em>πρέπειν</em></span> <span class='ocrx_word' id='word_1_152' title='bbox 566 1102 602 1135; x_wconf 77' lang='grc' dir='ltr'><em>δὲ</em></span> <span class='ocrx_word' id='word_1_153' title='bbox 626 1106 752 1144; x_wconf 82' lang='grc' dir='ltr'><em>μᾶλλον</em></span> <span class='ocrx_word' id='word_1_154' title='bbox 779 1104 862 1143; x_wconf 80' lang='grc' dir='ltr'><em>πρὸς</em></span> <span class='ocrx_word' id='word_1_155' title='bbox 885 1103 1049 1144; x_wconf 82' lang='grc' dir='ltr'><em>ἀλλήλους</em></span> <span class='ocrx_word' id='word_1_156' title='bbox 1072 1103 1123 1135; x_wconf 83' lang='grc' dir='ltr'><em>εὐ-</em></span> 
     </span>
     <span class='ocr_line' id='line_1_21' title="bbox 67 1156 664 1198; baseline 0 -10"><span class='ocrx_word' id='word_1_157' title='bbox 67 1165 92 1184; x_wconf 76' lang='lat'><em>20</em></span> <span class='ocrx_word' id='word_1_158' title='bbox 106 1163 212 1198; x_wconf 88' lang='grc' dir='ltr'><em>μενῶς</em></span> <span class='ocrx_word' id='word_1_159' title='bbox 236 1157 464 1198; x_wconf 76' lang='grc' dir='ltr'><em>διακειμένους</em></span> <span class='ocrx_word' id='word_1_160' title='bbox 490 1156 664 1198; x_wconf 77' lang='grc' dir='ltr'><em>ἑορτάζειν.</em></span> 
     </span>
     <span class='ocr_line' id='line_1_22' title="bbox 173 1208 1124 1252; baseline -0.002 -10"><span class='ocrx_word' id='word_1_161' title='bbox 173 1211 260 1250; x_wconf 77' lang='grc'>&lt;83&gt;</span> <span class='ocrx_word' id='word_1_162' title='bbox 292 1212 495 1251; x_wconf 85' lang='grc' dir='ltr'><em>Σαμουήλου</em></span> <span class='ocrx_word' id='word_1_163' title='bbox 529 1208 565 1241; x_wconf 76' lang='grc' dir='ltr'><em>δὲ</em></span> <span class='ocrx_word' id='word_1_164' title='bbox 599 1211 767 1251; x_wconf 81' lang='grc' dir='ltr'><em>φήσαντος</em></span> <span class='ocrx_word' id='word_1_165' title='bbox 799 1210 853 1242; x_wconf 79' lang='grc' dir='ltr'><em>καὶ</em></span> <span class='ocrx_word' id='word_1_166' title='bbox 887 1209 1024 1252; x_wconf 78' lang='grc' dir='ltr'><em>δευτέρα</em></span> <span class='ocrx_word' id='word_1_167' title='bbox 1053 1210 1124 1241; x_wconf 84' lang='grc' dir='ltr'><em>δεῖν</em></span> 
     </span>
     <span class='ocr_line' id='line_1_23' title="bbox 106 1263 1124 1307; baseline 0 -13"><span class='ocrx_word' id='word_1_168' title='bbox 106 1265 292 1305; x_wconf 78' lang='grc' dir='ltr'><em>χειροτονία</em></span> <span class='ocrx_word' id='word_1_169' title='bbox 312 1264 454 1307; x_wconf 76' lang='grc' dir='ltr'><em>Σαούλῳ</em></span> <span class='ocrx_word' id='word_1_170' title='bbox 478 1264 538 1303; x_wconf 84' lang='grc' dir='ltr'><em>τὴν</em></span> <span class='ocrx_word' id='word_1_171' title='bbox 563 1265 733 1304; x_wconf 88' lang='grc' dir='ltr'><em>βασιλειάν</em></span> <span class='ocrx_word' id='word_1_172' title='bbox 757 1263 968 1305; x_wconf 78' lang='grc' dir='ltr'><em>ἐπικυρῶσαι,</em></span> <span class='ocrx_word' id='word_1_173' title='bbox 992 1265 1124 1294; x_wconf 88' lang='grc' dir='ltr'><em>συνίασι</em></span> 
     </span>
     <span class='ocr_line' id='line_1_24' title="bbox 104 1315 1125 1358; baseline 0 -12"><span class='ocrx_word' id='word_1_174' title='bbox 104 1316 224 1353; x_wconf 79' lang='grc' dir='ltr'><em>πάντες</em></span> <span class='ocrx_word' id='word_1_175' title='bbox 248 1317 294 1353; x_wconf 80' lang='grc' dir='ltr'><em>εἰς</em></span> <span class='ocrx_word' id='word_1_176' title='bbox 319 1317 471 1356; x_wconf 73' lang='grc' dir='ltr'><em>Γάλγαλα</em></span> <span class='ocrx_word' id='word_1_177' title='bbox 498 1318 608 1348; x_wconf 86' lang='grc' dir='ltr'><em>πόλιν·</em></span> <span class='ocrx_word' id='word_1_178' title='bbox 634 1316 701 1348; x_wconf 84' lang='grc' dir='ltr'><em>ε’κεῑ</em></span> <span class='ocrx_word' id='word_1_179' title='bbox 723 1318 785 1358; x_wconf 77' lang='grc' dir='ltr'><em>γὰρ</em></span> <span class='ocrx_word' id='word_1_180' title='bbox 810 1317 930 1354; x_wconf 78' lang='grc' dir='ltr'><em>αὐτοὺς</em></span> <span class='ocrx_word' id='word_1_181' title='bbox 954 1315 1125 1347; x_wconf 78' lang='grc' dir='ltr'><em>ἐκέλευσεν</em></span> 
     </span>
     <span class='ocr_line' id='line_1_25' title="bbox 105 1367 1125 1412; baseline 0.001 -13"><span class='ocrx_word' id='word_1_182' title='bbox 105 1368 228 1400; x_wconf 82' lang='grc' dir='ltr'><em>ἐλθεῖν.</em></span> <span class='ocrx_word' id='word_1_183' title='bbox 275 1367 326 1399; x_wconf 78' lang='grc' dir='ltr'><em>καὶ</em></span> <span class='ocrx_word' id='word_1_184' title='bbox 353 1369 454 1400; x_wconf 77' lang='grc' dir='ltr'><em>πάλιν</em></span> <span class='ocrx_word' id='word_1_185' title='bbox 478 1367 630 1412; x_wconf 63' lang='grc' dir='ltr'><em>ξὸρῶντος</em></span> <span class='ocrx_word' id='word_1_186' title='bbox 654 1374 713 1400; x_wconf 87' lang='grc' dir='ltr'><em>τοῦ</em></span> <span class='ocrx_word' id='word_1_187' title='bbox 736 1370 888 1409; x_wconf 82' lang='grc' dir='ltr'><em>πλήθους</em></span> <span class='ocrx_word' id='word_1_188' title='bbox 912 1369 929 1401; x_wconf 86' lang='grc' dir='ltr'>ὁ</span> <span class='ocrx_word' id='word_1_189' title='bbox 953 1370 1125 1410; x_wconf 76' lang='grc' dir='ltr'><em>προφήτης</em></span> 
     </span>
     <span class='ocr_line' id='line_1_26' title="bbox 64 1421 1123 1466; baseline 0.001 -14"><span class='ocrx_word' id='word_1_190' title='bbox 64 1429 89 1448; x_wconf 77' lang='lat'><em>25</em></span> <span class='ocrx_word' id='word_1_191' title='bbox 104 1423 188 1462; x_wconf 85' lang='grc' dir='ltr'><em>χρίει</em></span> <span class='ocrx_word' id='word_1_192' title='bbox 213 1422 272 1453; x_wconf 83' lang='grc' dir='ltr'><em>τὸν</em></span> <span class='ocrx_word' id='word_1_193' title='bbox 304 1422 461 1453; x_wconf 76' lang='grc' dir='ltr'><em>Σάουλον</em></span> <span class='ocrx_word' id='word_1_194' title='bbox 490 1426 533 1464; x_wconf 79' lang='grc' dir='ltr'><em>τῷ</em></span> <span class='ocrx_word' id='word_1_195' title='bbox 558 1422 640 1465; x_wconf 77' lang='grc' dir='ltr'><em>ἁγίῳ</em></span> <span class='ocrx_word' id='word_1_196' title='bbox 671 1422 768 1466; x_wconf 77' lang='grc' dir='ltr'><em>ἐλαίῳ</em></span> <span class='ocrx_word' id='word_1_197' title='bbox 798 1421 849 1453; x_wconf 76' lang='grc' dir='ltr'><em>καὶ</em></span> <span class='ocrx_word' id='word_1_198' title='bbox 883 1423 1039 1463; x_wconf 88' lang='grc' dir='ltr'><em>δεύτερον</em></span> <span class='ocrx_word' id='word_1_199' title='bbox 1067 1421 1123 1453; x_wconf 80' lang='grc' dir='ltr'><em>ἀν-</em></span> 
     </span>
     <span class='ocr_line' id='line_1_27' title="bbox 104 1473 1124 1516; baseline 0.001 -11"><span class='ocrx_word' id='word_1_200' title='bbox 104 1475 253 1515; x_wconf 84' lang='grc' dir='ltr'><em>αγορεύει</em></span> <span class='ocrx_word' id='word_1_201' title='bbox 278 1474 424 1515; x_wconf 81' lang='grc' dir='ltr'><em>βασιλέα.</em></span> <span class='ocrx_word' id='word_1_202' title='bbox 471 1473 522 1506; x_wconf 80' lang='grc' dir='ltr'><em>καῖ</em></span> <span class='ocrx_word' id='word_1_203' title='bbox 550 1475 655 1512; x_wconf 73' lang='grc' dir='ltr'><em>οὕτως</em></span> <span class='ocrx_word' id='word_1_204' title='bbox 674 1475 693 1515; x_wconf 87' lang='grc' dir='ltr'><em>ἡ</em></span> <span class='ocrx_word' id='word_1_205' title='bbox 714 1481 780 1506; x_wconf 87' lang='grc' dir='ltr'><em>τῶν</em></span> <span class='ocrx_word' id='word_1_206' title='bbox 795 1474 958 1516; x_wconf 85' lang='grc' dir='ltr'><em>Ἑβραίων</em></span> <span class='ocrx_word' id='word_1_207' title='bbox 976 1477 1124 1506; x_wconf 89' lang='grc' dir='ltr'><em>πολιτεία</em></span> 
     </span>
     <span class='ocr_line' id='line_1_28' title="bbox 105 1527 1121 1569; baseline 0.001 -11"><span class='ocrx_word' id='word_1_208' title='bbox 105 1527 151 1564; x_wconf 78' lang='grc' dir='ltr'><em>εἰς</em></span> <span class='ocrx_word' id='word_1_209' title='bbox 175 1529 347 1568; x_wconf 86' lang='grc' dir='ltr'><em>βασιλείαν</em></span> <span class='ocrx_word' id='word_1_210' title='bbox 370 1527 554 1569; x_wconf 76' lang='grc' dir='ltr'><em>μετέπεσεν.</em></span> <span class='ocrx_word' id='word_1_211' title='bbox 602 1529 687 1568; x_wconf 76' lang='lat'>&lt;84&gt;</span> <span class='ocrx_word' id='word_1_212' title='bbox 714 1527 764 1560; x_wconf 78' lang='grc' dir='ltr'><em>ἐπὶ</em></span> <span class='ocrx_word' id='word_1_213' title='bbox 790 1529 852 1569; x_wconf 74' lang='grc' dir='ltr'><em>γὰρ</em></span> <span class='ocrx_word' id='word_1_214' title='bbox 877 1528 1041 1566; x_wconf 79' lang='grc' dir='ltr'><em>Μωυσέος</em></span> <span class='ocrx_word' id='word_1_215' title='bbox 1067 1528 1121 1560; x_wconf 81' lang='grc' dir='ltr'><em>καὶ</em></span> 
     </span>
     <span class='ocr_line' id='line_1_29' title="bbox 105 1579 1121 1623; baseline 0 -12"><span class='ocrx_word' id='word_1_216' title='bbox 105 1585 163 1612; x_wconf 86' lang='grc' dir='ltr'><em>τοῦ</em></span> <span class='ocrx_word' id='word_1_217' title='bbox 188 1584 341 1621; x_wconf 81' lang='grc' dir='ltr'><em>μαθητοῦ</em></span> <span class='ocrx_word' id='word_1_218' title='bbox 365 1581 467 1612; x_wconf 85' lang='grc' dir='ltr'><em>αὐτοῦ</em></span> <span class='ocrx_word' id='word_1_219' title='bbox 490 1580 611 1621; x_wconf 77' lang='grc' dir='ltr'><em>Ἰησοῦ,</em></span> <span class='ocrx_word' id='word_1_220' title='bbox 640 1581 676 1619; x_wconf 86' lang='grc' dir='ltr'><em>ὃς</em></span> <span class='ocrx_word' id='word_1_221' title='bbox 704 1579 745 1621; x_wconf 76' lang='grc' dir='ltr'><em>ἦν</em></span> <span class='ocrx_word' id='word_1_222' title='bbox 770 1583 963 1622; x_wconf 85' lang='grc' dir='ltr'><em>στρατηγός,</em></span> <span class='ocrx_word' id='word_1_223' title='bbox 991 1581 1121 1623; x_wconf 83' lang='grc' dir='ltr'><em>ἀριστο-</em></span> 
     </span>
     <span class='ocr_line' id='line_1_30' title="bbox 103 1633 1122 1675; baseline 0.002 -11"><span class='ocrx_word' id='word_1_224' title='bbox 103 1634 319 1675; x_wconf 86' lang='grc' dir='ltr'><em>κρατούμενοι</em></span> <span class='ocrx_word' id='word_1_225' title='bbox 346 1633 524 1666; x_wconf 73' lang='grc' dir='ltr'><em>διετέλουν.</em></span> <span class='ocrx_word' id='word_1_226' title='bbox 569 1635 648 1675; x_wconf 78' lang='grc' dir='ltr'><em>μετὰ</em></span> <span class='ocrx_word' id='word_1_227' title='bbox 668 1633 703 1666; x_wconf 74' lang='grc' dir='ltr'><em>δὲ</em></span> <span class='ocrx_word' id='word_1_228' title='bbox 723 1635 783 1675; x_wconf 87' lang='grc' dir='ltr'><em>τὴν</em></span> <span class='ocrx_word' id='word_1_229' title='bbox 804 1634 938 1666; x_wconf 84' lang='grc' dir='ltr'><em>ἐκείνων</em></span> <span class='ocrx_word' id='word_1_230' title='bbox 957 1635 1122 1674; x_wconf 78' lang='grc' dir='ltr'><em>τελευτήν,</em></span> 
     </span>
     <span class='ocr_line' id='line_1_31' title="bbox 64 1686 1122 1728; baseline 0.001 -10"><span class='ocrx_word' id='word_1_231' title='bbox 64 1694 89 1713; x_wconf 80' lang='grc'><em>30</em></span> <span class='ocrx_word' id='word_1_232' title='bbox 104 1688 186 1718; x_wconf 81' lang='grc' dir='ltr'><em>ἔτεσι</em></span> <span class='ocrx_word' id='word_1_233' title='bbox 207 1693 276 1724; x_wconf 86' lang='grc' dir='ltr'><em>τοῖς</em></span> <span class='ocrx_word' id='word_1_234' title='bbox 295 1692 373 1719; x_wconf 86' lang='grc' dir='ltr'><em>πᾶσι</em></span> <span class='ocrx_word' id='word_1_235' title='bbox 394 1686 472 1718; x_wconf 84' lang='grc' dir='ltr'><em>δέκα</em></span> <span class='ocrx_word' id='word_1_236' title='bbox 491 1686 543 1718; x_wconf 80' lang='grc' dir='ltr'><em>καὶ</em></span> <span class='ocrx_word' id='word_1_237' title='bbox 565 1688 650 1728; x_wconf 81' lang='grc' dir='ltr'><em>πρὸς</em></span> <span class='ocrx_word' id='word_1_238' title='bbox 668 1688 798 1726; x_wconf 87' lang='grc' dir='ltr'><em>τούτοις</em></span> <span class='ocrx_word' id='word_1_239' title='bbox 817 1688 911 1727; x_wconf 75' lang='grc' dir='ltr'><em>ὀκτώ,</em></span> <span class='ocrx_word' id='word_1_240' title='bbox 935 1688 971 1719; x_wconf 87' lang='grc' dir='ltr'><em>τὸ</em></span> <span class='ocrx_word' id='word_1_241' title='bbox 993 1691 1122 1728; x_wconf 76' lang='grc' dir='ltr'><em>πλῆθος</em></span> 
     </span>
     <span class='ocr_line' id='line_1_32' title="bbox 174 1747 531 1781; baseline 0 -8"><span class='ocrx_word' id='word_1_242' title='bbox 174 1751 186 1779; x_wconf 69' lang='grc' dir='ltr'>ξ</span> <span class='ocrx_word' id='word_1_243' title='bbox 208 1751 239 1773; x_wconf 81' lang='grc'><em>81</em></span> <span class='ocrx_word' id='word_1_244' title='bbox 262 1761 294 1769; x_wconf 94' lang='lat'><strong><em>=</em></strong></span> <span class='ocrx_word' id='word_1_245' title='bbox 316 1752 327 1773; x_wconf 94' lang='lat'>1</span> <span class='ocrx_word' id='word_1_246' title='bbox 349 1747 416 1781; x_wconf 84' lang='lat' dir='ltr'>Reg.</span> <span class='ocrx_word' id='word_1_247' title='bbox 437 1747 474 1773; x_wconf 80' lang='lat' dir='ltr'><em>XI</em></span> <span class='ocrx_word' id='word_1_248' title='bbox 492 1751 531 1774; x_wconf 70' lang='lat'><em>12,</em></span> 
     </span>
    </p>
   </div>
   <div class='ocr_carea' id='block_1_3' title="bbox 922 1793 956 1811">
    <p class='ocr_par' dir='ltr' id='par_1_3' title="bbox 922 1793 956 1811">
     <span class='ocr_line' id='line_1_33' title="bbox 922 1793 956 1811; baseline 0 -6"><span class='ocrx_word' id='word_1_249' title='bbox 922 1793 956 1811; x_wconf 61' lang='grc' dir='ltr'><em>ὓ*</em></span> 
     </span>
    </p>
   </div>
   <div class='ocr_carea' id='block_1_4' title="bbox 923 1811 936 1818">
    <p class='ocr_par' dir='ltr' id='par_1_4' title="bbox 923 1811 936 1818">
     <span class='ocr_line' id='line_1_34' title="bbox 923 1811 936 1818; baseline 0 0"><span class='ocrx_word' id='word_1_250' title='bbox 923 1811 936 1818; x_wconf 63' lang='grc' dir='ltr'><em>,ι</em></span> 
     </span>
    </p>
   </div>
  </div>
 </body>
</html>
