1261 1917
154 1350 168 1372 ιζ)

185 48 250 78 264
553 50 823 75 ΑΡΧΑΙΟΛΟΓΙΑΣ

185 128 347 165 ἀπωλείας
365 133 422 169 τῆς
440 130 567 162 τούτων
587 130 791 170 δηλωθείσης
810 135 854 173 τῷ
876 132 1013 171 βασιλεῖ,
1033 132 1194 172 παροξυν-

184 180 258 218 θεὶς
281 182 383 213 ἄλλον
406 181 523 223 πέμπει
548 183 722 224 ταξίαρχον
742 182 793 215 ἐπὶ
813 184 871 215 τὸν
887 183 1003 216 Ἠλίαν
1023 186 1084 215 σὺν
1104 184 1194 216 ὁπλί-

186 245 256 271 ταις
279 235 448 272 τοσούτοις
476 235 565 272 ὅσοις
588 234 642 266 καὶ
668 237 726 267 τὸν
748 237 909 278 πρότερον
933 236 1194 268 συναπέστειλεν.

185 286 421 326 ἀπειλήσαντος
445 286 480 318 δὲ
504 287 558 319 καὶ
582 289 701 319 τούτου
729 293 772 331 τῷ
796 290 948 330 προφήτῃ
972 291 1027 331 βία
1051 291 1194 330 λαβόντα

185 338 274 376 ἄξειν
294 339 404 380 αὐτόν,
424 341 454 371 εί
471 341 514 381 μὴ
534 340 688 372 κατέλθοι
709 342 920 382 βουλόμενος,
943 342 1122 383 εὐξαμένου
1140 341 1194 373 καὶ
1208 352 1220 371 5

185 396 302 423 τοῦτον
334 397 400 433 πῦρ
439 394 631 434 διεχρήσατο
668 394 779 430 καθὼς
815 393 869 424 καὶ
904 395 962 425 τὸν
997 396 1059 435 πρὸ
1093 395 1195 426 αὐτοῦ

185 444 367 486 ταξίαρχον.
415 446 500 485 <25>
523 447 777 487 πυνθανόμενος
799 445 834 477 δὲ
853 446 907 477 καὶ
926 447 965 477 τὰ
984 446 1058 487 περὶ
1077 452 1195 478 τοῦτον

185 497 202 528 ὁ
227 499 381 538 βασιλεὺς
404 500 515 538 τρίτον
539 498 724 539 ἐξέπεμψεν.
772 499 788 529 ὃ
814 497 850 530 δὲ
879 500 1040 540 φρόνιμος
1068 500 1114 530 ὢν
1141 499 1195 530 καὶ

185 551 261 581 λίαν
285 549 428 590 ἐπιεικὴς
450 551 486 581 τὸ
510 549 608 591 ἦθος7
638 551 747 583 ἐλθὼν
772 550 824 582 ἐπὶ
848 552 906 582 τὸν
930 552 1032 584 τόπον
1055 549 1095 583 οὗ
1119 561 1195 583 συν-

186 601 317 642 έβαινεν
333 600 417 633 εἶναι
438 604 495 633 τὸν
511 601 637 641 Ἠλίαν,
657 605 871 644 φιλοφρόνως
889 610 1066 645 προσεῖπεν
1085 605 1196 644 αὐτόν,
1211 615 1236 634 ιο

186 655 360 694 γινώσκειν
385 654 414 685 δ’
438 656 548 695 ἔλεγεν
572 657 621 687 ὅτι
645 657 688 697 μὴ
708 657 920 697 βουλόμενος,
943 656 1102 697 βασιλέως
1127 658 1196 688 δια-

186 713 295 739 κονῶν
322 708 560 749 προστάγματι,
590 711 708 750 παρείη
736 710 818 750 πρὸς
846 709 962 749 αὐτόν,
991 709 1045 740 καὶ
1074 711 1107 741 οἱ
1133 710 1196 751 πρὸ

187 760 288 791 αὐτοῦ
312 761 520 801 πεμφθέντες
548 761 606 802 οὐχ
637 760 765 799 ἑκόντες
794 762 875 793 ἀλλὰ
903 763 983 793 κατὰ
1011 763 1070 802 τὴν
1094 762 1197 802 αὐτὴν

187 815 296 845 αἰτίαν
320 811 436 854 ἦλθον.
479 813 608 854 ἐλεῆσαι
632 819 811 856 τοιγαροῦν
831 815 932 846 αὐτὸν
951 815 1045 855 ἠξίου
1064 816 1141 852 τούς
1163 826 1197 846 τε

187 867 249 897 σὺν
277 867 364 909 αὐτῷ
392 868 556 908 παρόντας
585 867 733 906 ὁπλίτας,
764 866 818 898 καὶ
845 868 1032 908 καταβάντα
1060 867 1197 899 ἕπεσθαι
1212 877 1237 897 15

186 919 268 960 πρὸς
286 920 344 950 τὸν
359 919 503 959 βασιλέα.
540 920 625 960 <26>
642 920 882 960 ἀποδεξάμενος
900 918 1010 960 δὲτὴν
1029 920 1196 960 δεξιότητα

188 977 254 1002 τῶν
278 973 386 1011 λόγων
409 971 462 1002 καὶ
482 972 518 1003 τὸ
538 972 669 1003 ἀστεῖον
688 977 747 1003 τοῦ
766 973 872 1012 ἤθους
891 972 908 1003 ὁ
926 971 1038 1009 Ἠλίας
1056 974 1198 1013 καταβὰς

188 1023 415 1064 ἠκολούθησεν
430 1024 526 1067 αὐτῷ.
558 1026 823 1065 παραγενόμενος
843 1023 878 1056 δὲ
893 1026 975 1066 πρὸς
989 1026 1047 1056 τὸν
1062 1025 1197 1066 βασιλέα

187 1078 438 1118 προυφήτευσεν
457 1077 554 1119 αὐτῷ,
573 1076 626 1108 καὶ
642 1078 700 1108 τὸν
714 1078 796 1108 θεὸν
812 1076 930 1117 ἐδήλου
950 1077 1058 1117 λέγειν
1073 1077 1197 1118 (ἐπειδὴ

187 1129 350 1169 κατέγνως
374 1130 476 1160 αὐτοῦ
500 1128 560 1170 μὲν
583 1130 628 1166 ὡς
651 1130 710 1161 οὐκ
735 1131 829 1167 ὄντος
852 1133 935 1161 θεοῦ
963 1129 1015 1161 καὶ
1043 1129 1117 1171 περὶ
1141 1131 1238 1171 τῆςέο

187 1184 289 1213 νόσου
305 1183 345 1213 οὐ
360 1181 502 1222 τάληθὲς
515 1188 685 1223 προειπεῖν
701 1182 899 1223 δυναμένου,
914 1183 996 1224 πρὸς
1011 1182 1047 1214 δὲ
1062 1184 1120 1214 τὸν
1130 1182 1198 1214 Ἀκ-

187 1241 378 1275 καρωνιτῶν
397 1236 544 1275 ἔπεμπες,
564 1234 640 1276 παρ’
658 1235 760 1266 αὐτοῦ
779 1237 1032 1276 πυνθανόμενος
1050 1237 1198 1267 ποταπὸν

189 1289 278 1318 ἔσται
303 1296 355 1318 σοι
378 1289 414 1319 τὸ
438 1287 531 1325 τέλος
553 1292 610 1328 τῆς
636 1289 752 1328 νόσου,
781 1290 920 1327 γίνωσκε
949 1289 997 1319 ὅτι
1026 1288 1198 1328 τεθνήξει]

256 1341 341 1380 <27>
364 1339 418 1371 καὶ
443 1341 460 1371 ὃ
484 1339 544 1381 μὲν
568 1341 683 1380 ὀλίγου
703 1341 831 1381 σφόδρα
851 1342 973 1381 χρόνου
995 1342 1198 1381 διελθόντος,

189 1394 301 1430 καθὼς
324 1399 481 1434 προεῖπεν
502 1392 624 1432 Ἠλίας7
648 1393 809 1432 ἀπέθανε,
834 1393 1016 1434 διαδέχεται
1040 1393 1070 1424 δ’
1097 1394 1198 1425 αὐτοῦ
1213 1401 1238 1422 25

189 1446 248 1485 τὴν
268 1447 439 1486 βασιλείαν
458 1446 602 1486 ἁδελφὸς
619 1445 784 1487 Ἰώραμος·
807 1446 904 1483 ἄπαις
923 1447 985 1487 γὰρ
1004 1445 1199 1487 κατέστρεψε

189 1500 246 1530 τὸν
270 1500 354 1539 βίον.
396 1499 413 1529 ὁ
434 1498 463 1529 δ’
484 1497 637 1539 Ἰώραμος
661 1496 757 1535 οὗτος
777 1503 821 1541 τῷ
841 1498 938 1539 πατρὶ
958 1499 1018 1538 τὴν
1036 1500 1199 1539 πονηρίαν

187 1550 310 1594 Ἀχάβῳ
339 1552 566 1592 παραπλήσιος
598 1553 774 1592 γενόμενος
807 1550 1017 1591 ἐβασίλευσεν
1050 1552 1104 1591 ε’τη
1138 1552 1198 1582 δώ-

191 1604 283 1641 δεκα,
316 1604 403 1644 πασῃ
431 1605 619 1645 παρανομίᾳ
646 1604 848 1645 χρησάμενος
877 1602 931 1634 καὶ
960 1603 1091 1645 ἀσεβείᾳ
1118 1605 1200 1645 πρὸς

190 1657 248 1688 τὸν
270 1658 365 1687 θεόν·
390 1655 504 1697 παρεὶς
523 1657 584 1697 γὰρ
604 1661 722 1687 τοῦτον
742 1657 940 1697 θρησκεύειν
958 1658 1034 1693 τοὺς
1055 1656 1200 1694 ξενικοὺς
1213 1663 1238 1683 30

262 1720 276 1748 g
292 1720 325 1742 24
346 1729 376 1738 =
399 1719 413 1741 4
429 1716 522 1749 Reg.1
540 1720 577 1742 11.
