1261 1917
170 65 233 96 192
535 65 806 90 APXAIOAOFIAE

166 145 273 177 πάντα
302 144 330 176 τ’
362 145 486 186 ἐφορᾶν
517 144 570 176 καὶ
598 143 692 176 πάντ’
723 144 870 184 ἀκούειν,
898 143 976 176 οὐδὲ
1004 149 1067 176 νῦν
1096 145 1179 176 ὅπου

169 207 221 230 σοι
250 197 348 239 θέμις
371 199 471 229 οἰκῶν
499 197 687 234 ἀπολείπεις
714 201 773 228 τοῦ
800 202 900 228 πᾶσιν
928 198 1060 237 ἔγγιστα
1084 195 1180 235 εἶναι,

169 254 295 292 μᾶλλον
319 249 348 282 δ’
372 249 495 294 ἑκάστῳ
519 249 573 282 καὶ
593 249 822 293 βουλευομένῳ
841 249 895 281 καὶ
916 251 970 281 διὰ
989 251 1107 287 νυκτὸς
1125 249 1180 281 καὶ

169 303 291 345 ἡμέρας
315 303 498 344 συμπάρειῖ
543 303 661 343 <109>
683 301 774 334 ταῦτ’
802 302 992 340 ἐπιθειάσας
1017 303 1099 343 πρὸς
1121 303 1180 333 τὸν

169 358 263 397 θεόν,
288 355 491 397 ἀπέστρεψεν
515 357 562 393 εἰς
584 356 621 386 τὸ
645 358 774 396 πλῆθος
795 357 872 392 τοὺς
891 357 1020 395 λόγους,
1044 355 1180 396 ἐμφανί-

171 411 233 447 ζων
256 414 317 441 τοῦ
340 412 424 440 θεοῦ
447 409 508 448 τὴν
532 409 674 449 δύναμιν
701 408 812 445 αὐτοῖς
840 407 894 439 καὶ
922 408 981 448 τὴν
1009 409 1180 449 πρόνοιαν,

170 462 219 493 ὅτι
249 463 382 503 Δαυίδῃ
414 466 458 504 τῷ
486 460 584 502 πατρὶ
617 460 691 501 περὶ
724 467 790 492 τῶν
823 462 1010 501 μελλόντων
1043 461 1180 499 ἅπαντα,

169 516 283 552 καθὼς
307 513 510 555 ἀποβέβηκεν
529 515 592 554 ἤδη
611 515 651 545 τὰ
669 515 773 545 πολλὰ
792 513 846 545 καὶ
865 515 1035 554 γενήσεται
1058 514 1098 544 τὰ
1117 515 1181 545 λεί-

169 579 288 607 ποντα,
324 568 495 607 δηλώσειε,
526 566 580 598 καὶ
609 567 653 604 ὡς
680 567 780 604 αὐτὸς
807 566 936 607 ἐπιθείη
964 567 1109 607 τοῦνομα
1136 570 1181 608 τῷ

170 621 264 660 μήπω
290 618 511 662 γεγενημένῳ,
538 618 592 650 καὶ
615 621 665 656 τίς
688 619 800 660 μέλλοι
823 622 996 650 καλεῖσθαι
1019 621 1181 660 προείποι,

169 672 279 712 <110>
303 671 357 703 καὶ
378 673 427 704 ὅτι
446 673 505 703 τὸν
523 673 606 703 ναὸν
625 669 721 709 οὗτος
740 673 948 712 οἰκοδομήσει
968 671 1066 714 αὐτῷ,
1090 673 1180 712 βασι-

170 726 246 762 λεὺς
270 726 349 766 μετὰ
374 725 434 765 τὴν
452 729 512 756 τοῦ
531 725 653 765 πατρὸς
672 725 826 764 τελευτὴν
848 726 1032 765 γενόμενος.
1069 723 1089 754 ἃ
1109 723 1181 763 βλέ-

170 789 293 814 ποντας
317 779 398 809 κατὰ
422 778 482 817 τὴν
504 777 631 808 ἐκείνου
650 779 854 818 προφητείαν
874 776 1002 817 ἐπιτελῆ
1023 777 1081 807 τὸν
1100 777 1182 807 θεὸν

170 830 321 870 εὐλογεῖν
354 830 462 870 ἠξίου,
494 829 548 861 καὶ
581 829 655 871 περὶ
689 831 830 870 μηδενὸς
862 830 1102 869 ἀπογινώσκειν
1135 826 1182 860 ὧν

170 882 347 923 ὑπέσχηται
362 884 444 923 πρὸς
459 882 673 923 εὐδαιμονίαν
690 883 734 919 ὡς
749 882 809 913 οὐκ
824 881 992 923 ἐσομένου,
1011 882 1181 913 πιστεύον-

169 948 227 973 τας
251 935 286 966 ἐκ
309 941 376 966 τῶν
399 936 461 975 ’ἤδη
486 934 708 975 βλεπομένων.

235 989 344 1028 <111>
367 992 469 1018 ταῦτα
490 986 676 1028 διαλεχθεὶς
695 988 777 1028 πρὸς
795 988 854 1018 τὸν
873 988 971 1027 ὄχλον
991 987 1008 1018 ὁ
1028 988 1182 1028 βασιλεὺς

170 1041 279 1082 ἀφορᾷ
303 1041 403 1072 πάλιν
428 1042 474 1078 εἰς
492 1041 550 1072 τὸν
574 1042 667 1080 ναόν,
690 1039 744 1071 καὶ
763 1040 824 1080 τὴν
848 1040 958 1077 δεξιὰν
982 1041 1028 1077 είς
1048 1041 1107 1071 τὸν
1126 1039 1181 1071 οὐ-

169 1095 273 1135 ρανὸν
303 1093 456 1134 ἀνασχών
489 1093 614 1133 “ἔργοις
642 1092 716 1133 μέν’
749 1090 838 1123 εἶπεν
872 1092 923 1123 ‘01⁷2
952 1093 1095 1123 δυνατὸν
1124 1092 1181 1124 ἀν-

168 1148 318 1188 θρώποις
333 1146 515 1177 ἀποδοῦναι
531 1149 599 1188 θεῷ
619 1146 715 1187 χάριν
734 1143 816 1186 ὑπὲρ
836 1142 883 1176 ὧν
903 1142 939 1176 εὖ
958 1146 1180 1176 πεπόνθασιν·

169 1198 348 1241 ἀπροσδεὲς
366 1200 428 1241 γὰρ
443 1200 479 1230 τὸ
500 1202 596 1230 θεῖον
617 1198 770 1230 ἁπάντων
790 1198 844 1229 καὶ
863 1204 1012 1239 κρεῖττον
1030 1198 1183 1238 τοιαύτης

168 1253 318 1294 ἀμοιβῆς·
353 1249 377 1294 ᾧ
407 1250 443 1283 δὲ
471 1257 537 1283 τῶν
566 1252 676 1283 ἄλλων
704 1250 794 1294 ζῴων
824 1251 888 1282 ὑπὸ
920 1255 995 1291 σοῦ,
1030 1250 1181 1290 δέσποτα,

167 1307 351 1346 κρείττονες
379 1306 574 1345 γεγόναμεν,
603 1305 708 1347 τούτῳ
737 1305 797 1344 τὴν
827 1305 889 1344 σὴν
913 1303 1062 1343 εὐλογεῖν
1086 1315 1182 1345 μεγα-

169 1359 317 1398 λειότητα
346 1357 399 1388 καὶ
423 1357 497 1398 περὶ
527 1363 593 1389 τῶν
619 1356 838 1399 ὑπηργμένων
866 1358 913 1394 εἰς
941 1358 999 1388 τὸν
1024 1355 1182 1397 ἡμέτερον

170 1409 262 1442 οἶκον
276 1409 329 1441 καὶ
346 1411 404 1441 τὸν
415 1410 576 1452 Ἑβραίων
591 1412 673 1442 λαὸν
689 1410 894 1451 εὐχαριστεῖν
908 1409 1041 1449 ἀνάγκη.
1073 1410 1181 1449 <112>
1197 1422 1207 1436 2

172 1466 237 1494 τίνι
258 1465 319 1504 γὰρ
339 1464 426 1506 ἄλλῳ
447 1467 572 1504 μᾶλλον
593 1464 773 1495 ίλάσασθαί
793 1475 827 1494 τε
851 1464 1010 1503 μηνίοντα
1030 1461 1084 1493 καὶ
1105 1462 1182 1493 δυσ-

173 1518 370 1557 μεναίνοντα
399 1516 518 1557 εὐμενῆ
540 1516 759 1556 (δεξιοῦσθαι)
785 1516 959 1556 ἀξιώτερον
988 1514 1076 1545 ἐστιν
1104 1514 1183 1555 ἡμῖν

172 1568 192 1608 ἦ
217 1573 326 1609 φωνῇ,
354 1568 395 1608 ἣν
420 1568 451 1606 ἐξ
481 1568 577 1610 ἀέρος
602 1568 630 1600 τ’
658 1570 773 1609 ε”χομεν
800 1567 853 1599 καὶ
882 1566 925 1598 δι’
952 1567 1054 1598 αὐτοῦ
1083 1567 1182 1598 πάλιν

173 1621 333 1652 ἀνιοῦσαν
358 1622 506 1661 οῖ’δαμεω
530 1621 627 1662 χάριν
651 1619 711 1652 οὖν
735 1622 821 1662 ἔχειν
846 1619 888 1652 δι’
911 1620 1011 1660 αὐτῆς
1025 1619 1181 1663 [ὁμολογῶ

245 1736 258 1765 g
276 1737 324 1759 109
346 1747 377 1755 =
398 1737 413 1759 3
429 1734 495 1767 Reg.
512 1734 575 1760 Vffl
592 1738 637 1767 14;
658 1738 672 1760 2
688 1735 778 1760 Paral.
794 1734 831 1760 VI
848 1738 870 1760 3.

1197 629 1221 647 10

1197 890 1221 910 15

1197 1139 1222 1173 ἑο

1246 1569 1249 1580 Ι

1246 1584 1248 1640 ἔ

174 1683 221 1704 σοι
253 1675 331 1714 περί
356 1685 388 1704 τε
417 1679 476 1704 τοῦ
505 1675 626 1715 πατρὸς
653 1680 798 1715 πρῶτον,
832 1674 870 1705 ὃν
899 1673 931 1711 ἐξ
960 1673 1109 1714 ἀφανοῦς
1137 1674 1182 1710 εἰς
1196 1681 1221 1700 30
1246 1645 1250 1746 ὲ

1247 1757 1251 1766 ,

1247 1772 1250 1787 1

1253 1855 1261 1917 ι’
