1261 1917
563 40 686 65 ΟΓΔοιι
1066 38 1129 68 217

121 122 205 154 πολὺ
234 119 269 152 δὲ
299 125 356 161 τῆς
385 122 606 161 σκηνοπηγίας
635 119 748 161 ἑορτῆς
777 119 970 151 ἐνίστασθαι
995 120 1131 161 μελλού-

122 183 189 215 σης,
213 174 428 215 λογισάμενος
452 174 496 211 ὡς
520 173 577 205 ἐὰν
602 173 758 214 ἐπιτρέψῃ
782 178 825 216 τῷ
850 174 970 213 πλήθει
990 182 1132 214 προσκυ-

122 232 219 268 νῆσαι
253 228 310 258 τὸν
338 228 421 258 θεὸν
449 228 496 264 εἰς
520 225 729 268 Ἱεροσόλυμα
757 225 957 267 πορευθέντι
984 224 1036 257 καὶ
1068 225 1135 257 ἐκεῖ

122 281 181 321 τὴν
205 279 322 321 ἑορτὴν
346 280 528 320 διαγαγεῖν,
552 284 758 320 μετανοῆσαν
783 282 860 317 ι”σως
878 277 931 310 καὶ
953 277 1133 310 δελεασθὲν

96 333 185 365 εὑπὸ
219 337 277 364 τοῦ
313 337 393 363 ναοῦ
425 331 478 363 καὶ
513 337 569 372 τῆς
601 333 780 372 θρησκείας
808 337 865 372 τῆς
893 331 929 362 ἐν
958 331 1046 374 αὐτῷ
1075 336 1134 362 τοῦ

122 389 205 418 θεοῦ
229 387 417 422 καταλείψει
441 383 501 426 μὲν
525 385 626 416 αὐτὸν
649 385 876 426 προσχωρήσει
897 383 933 415 δὲ
952 389 996 428 τῷ
1015 385 1133 427 πρώτῳ

123 442 261 481 βασιλεῖ,
284 438 337 470 καὶ
362 439 570 470 κινδυνεύσει
595 438 714 469 τούτου
739 437 919 479 γενομένου
943 438 1003 478 τὴν
1025 438 1135 478 ψυχὴν

124 493 312 534 ἀποβαλεῖν,
333 491 540 532 ἐπιτεχνᾶταί
557 504 587 522 τι
607 496 768 523 τοιοῦτον.
797 492 904 531 <226>
920 491 981 522 δύο
996 492 1136 531 ποιήσας

124 546 280 587 δαμάλεις
303 550 426 587 χρυσᾶς
448 544 501 576 καὶ
527 546 746 586 οἰκοδομήσας
769 546 925 581 ναΐσκους
947 545 1136 582 τοσούτους,

85 610 109 629 ιο
124 598 181 630 ἕνα
209 597 269 639 μὲν
298 598 333 629 ἐν
358 599 492 639 Βεθήλῃ
519 600 612 630 πόλει
641 599 699 629 τὸν
727 597 840 639 ἕτερον
865 596 894 628 δ’
922 597 958 629 ἐν
981 598 1077 638 Δάνῃ
1101 597 1136 637 (ἢ

125 650 154 682 δ’
178 652 245 682 ε”στι
265 653 347 692 πρὸς
365 657 436 689 ταῖς
455 657 575 692 πηγαῖς
594 656 652 683 τοῦ
672 655 791 692 μικροῦ
808 650 1003 692 Ἰορδάνου),
1023 652 1136 690 τίθησι

125 705 182 741 τὰς
210 705 366 745 δαμάλεις
394 704 430 736 ἐν
459 704 599 748 ἑκατέρῳ
628 710 694 736 τῶν
723 704 758 735 ἐν
787 710 857 741 ταῖς
884 703 1137 745 προειρημέναις

126 758 239 788 πόλεσι
270 759 426 789 ναΐσκων·
455 757 508 790 καὶ
537 757 740 798 συγκαλέσας
767 758 824 794 τὰς
852 757 929 788 δέκα
958 758 1066 797 φυλὰς
1090 754 1137 788 ὧν

127 809 225 848 αὐτὸς
252 808 367 852 ἦρχεν,
397 811 619 852 ἐδημηγόρησε
648 811 786 847 τούτους
813 810 1034 850 ποιησάμενος
1061 811 1139 846 τοὺς

87 875 112 893 ¹5
127 865 254 903 λόγους.
291 865 375 903 <2ΗΤ
425 864 554 905 “ἄνδρες
579 864 753 904 ὁμόφυλοι,
777 864 952 904 γινώσκειν
975 863 1060 904 ὑμᾶς
1084 874 1138 893 vo-

126 918 205 957 μίζω
225 921 332 956 τοῦτο,
352 917 401 948 ὅτι
421 922 484 954 πᾶς
502 918 601 954 τόπος
620 918 684 958 ε”χει
704 918 762 948 τὸν
782 918 874 957 θεόν,
896 915 949 947 καὶ
970 916 1029 947 οὐκ
1049 917 1139 947 ἔστιν

126 969 162 1000 ἓν
190 969 468 1010 ἀποδεδειγμένον
496 971 618 1011 χωρίον
643 969 678 1001 ἐν
702 967 727 1012 ᾦ
751 969 923 1011 πάρεστιν,
951 969 1034 1000 ἀλλὰ
1057 980 1138 1000 παν-

127 1026 227 1063 ταχοῦ
256 1021 282 1053 τ’
310 1022 421 1054 ἀκούει
447 1021 499 1054 καὶ
525 1025 602 1060 τοὺς
625 1023 872 1064 θρησκεύοντας
896 1022 1010 1064 ἐφορᾷ.
1057 1022 1139 1053 ὅθεν

128 1075 168 1107 οὕ
192 1087 246 1116 μοι
270 1076 362 1107 δοκεῖ
381 1080 444 1107 νῦν
465 1075 607 1116 ἐπείγειν
626 1077 710 1117 ὑμᾶς
730 1077 776 1113 εἰς
791 1075 1001 1116 Ἱεροσόλυμα
1020 1086 1139 1116 πορευ-

88 1138 114 1158 20
128 1127 249 1166 θέντας
272 1129 318 1166 εἰς
341 1129 401 1169 τὴν
425 1135 491 1161 τῶν
515 1129 646 1170 ἐχθρῶν
670 1131 768 1161 πόλιν
787 1130 915 1170 μακρὰν
935 1128 1039 1165 οὕτως
1059 1128 1140 1160 ὁδὸν

128 1188 334 1223 προσκυνεῖν.
387 1183 509 1223 (228)
539 1183 718 1224 ἅνθρωπος
750 1183 812 1223 γὰρ
840 1182 1053 1213 κατεσκεύακε
1082 1182 1141 1212 τὸν

129 1236 223 1266 ναόν·
246 1237 406 1276 πεποίηκα
432 1234 467 1267 δὲ
491 1236 579 1276 κάγὼ
605 1237 665 1267 δύο
690 1240 813 1276 χρυσᾶς
837 1235 993 1276 δαμάλεις
1015 1234 1139 1266 ἐπωνύ-

129 1299 210 1329 μους
228 1293 272 1331 τῷ
291 1291 370 1332 θεῷ,
394 1287 448 1320 καὶ
468 1289 528 1329 τὴν
547 1287 608 1330 μὲν
627 1288 664 1320 ἐν
684 1289 819 1329 Βεθήλη
838 1289 931 1320 πόλει
950 1286 1141 1329 καθιέρωσα

128 1341 188 1381 τὴν
216 1340 246 1372 δ’
274 1340 309 1372 ἐν
332 1341 443 1382 Δάνῃ,
473 1342 560 1379 ὅπως
587 1342 681 1383 ὑμῶν
709 1342 743 1372 οἶ
767 1342 894 1372 τούτων
918 1342 1050 1381 ἔγγιστα
1075 1345 1142 1371 τῶν

89 1402 114 1421 25
128 1396 256 1426 πόλεων
279 1394 502 1437 κατῳκημένοι
525 1395 800 1436 προσκυνήσωσιν
820 1395 867 1431 εἰς
886 1393 986 1430 αὐτὰς
1005 1393 1141 1434 ἀπερχό-

129 1458 221 1488 μενοι
245 1448 304 1478 τὸν
327 1448 418 1479 θεόν.
456 1447 617 1486 ἀποδείξω
643 1446 682 1478 δέ
702 1459 794 1485 τινας
818 1447 897 1488 ὑμῖν
916 1446 970 1478 καὶ
991 1447 1089 1488 ἱερεῖς
1109 1445 1141 1483 ἐξ

128 1499 222 1540 ὑμῶν
245 1499 298 1531 καὶ
321 1502 471 1539 Λευίτας,
495 1501 550 1532 ἵνα
573 1500 617 1541 μὴ
641 1502 755 1542 χρείαν
779 1501 870 1541 ἔχητε
890 1504 947 1541 τῆς
967 1500 1142 1536 Λευίτιδος

130 1556 237 1593 φυλῆς
255 1552 309 1584 καὶ
329 1559 396 1585 τῶν
408 1552 570 1595 Ἀαρῶνος
589 1554 681 1585 υἶῶν.
710 1553 781 1585 ἀλλ’
800 1553 816 1585 ὁ
832 1555 1035 1595 βουλόμενος
1049 1553 1143 1594 ὑμῶν

132 1605 237 1647 ἶερεὺς
265 1604 349 1638 εἶναι
377 1607 626 1648 προσενεγκάτω
653 1608 777 1648 μόσχον
800 1611 844 1649 τῷ
868 1609 936 1649 θεῷ
959 1605 1013 1637 καὶ
1037 1606 1143 1646 κριόν,

92 1666 118 1684 ³0
133 1657 149 1689 ὃ
178 1658 231 1690 καὶ
260 1660 317 1691 τὸν
343 1666 475 1701 πρῶτον
500 1659 588 1702 ιἐρεά
612 1659 716 1701 φασὶν
737 1659 884 1701 Ἀαρῶνα
908 1658 1141 1699 πεποιηκέναιῖ

209 1722 288 1751 §225
310 1733 341 1741 =
362 1723 376 1745 3
392 1720 459 1754 Reg.
481 1721 587 1747 xl125.
