1261 1917
514 41 664 66 ΕΒΔΟΜΗ
1052 40 1092 72 97

81 122 220 161 γείλατο.
272 121 358 160 <64>
386 121 520 152 πάντων
551 119 587 152 δὲ
615 121 903 162 φιλοτιμουμένων
932 122 1092 163 ἀναβῆναι

81 172 134 205 καὶ
153 171 278 214 μηδένα
298 174 402 205 πόνον
418 173 608 205 ὀκνούντων
625 175 830 215 ὑφίστασθαι
851 173 894 205 δι’
913 174 1096 215 ἐπιθυμίαν

81 231 138 267 τῆς
168 228 379 267 στρατηγίας,
408 226 425 257 ὁ
451 228 620 267 Σαρουίας
643 232 721 264 παῖς
746 225 878 267 Ἰώαβος
902 228 990 267 ἔφθη
1020 229 1096 265 τοὺς

81 279 203 316 ἄλλους
221 277 275 310 καὶ»
296 279 421 320 ἀντιβὰς
441 278 555 320 ἐβόησε
574 280 657 320 πρὸς
676 280 734 311 τὸν
753 279 900 320 βασιλέα,
920 280 981 320 τὴν
1001 288 1095 321 στρα-

54 344 67 363 ⁵
81 333 197 372 τηγίαν
221 332 377 363 ἀπαιτῶν.

147 385 232 425 (65)
258 384 406 426 ἐκβαλὼν
435 384 471 416 δὲ
499 387 576 423 τοὺς
597 385 817 427 Ἰεβουσαίους
845 385 880 417 ἐκ
903 391 960 427 τῆς
983 387 1095 427 ἄκρας,

79 436 133 469 καὶ
157 438 256 475 αὐτὸς
280 438 544 480 ἀνοικοδομήσας
566 440 605 470 τὰ
625 438 846 480 Ἱεροσόλυμα,
869 440 968 470 πόλιν
992 439 1096 480 αὐτὴν

79 492 233 523 Δαυίδου
253 493 512 533 προσηγόρευσε,
531 491 585 524 καὶ
600 493 659 524 τὸν
674 493 801 524 ἅπαντα
821 494 943 534 χρόνον
963 492 999 524 ἐν
1014 493 1095 534 αὐτῇ

80 543 222 585 διέτριβε
246 546 440 585 βασιλεύων.
479 545 496 576 ὁ
521 543 557 576 δὲ
581 546 700 587 χρόνος
720 545 759 577 ὃν
778 551 835 586 τῆς
857 544 964 578 Ἰούδα
987 549 1096 587 φυλῆς

41 609 66 628 10
79 595 156 639 ἦρξε
180 599 282 639 μόνης
307 597 342 629 ἐν
363 600 513 639 Χεβρῶνι
534 597 662 638 ἐγένετο
683 600 736 639 ε”τη
762 598 840 630 ἑπτὰ
860 598 913 630 καὶ
933 604 1034 640 μῆνες
1053 599 1096 637 ἕξ.

79 649 253 688 ἀποδείξας
282 649 318 682 δὲ
347 653 516 691 βασίλειον
544 652 583 682 τὰ
604 651 830 693 Ἱεροσόλυμα,
859 651 1096 694 λαμπροτέροις

79 702 129 734 ἀεὶ
153 702 207 734 καὶ
232 706 358 744 μᾶλλον
382 703 497 745 ἐχρῆτο
521 710 591 742 τοῖς
614 705 798 746 πράγμασι,
826 709 886 736 τοῦ
909 708 993 736 θεοῦ
1017 715 1096 747 προ-

80 755 266 797 νοουμένου
285 759 420 798 κρείττω
439 763 548 789 ποιεῖν
565 757 647 789 αὐτὰ
666 757 720 788 καὶ
739 758 921 799 λαμβάνειν
936 758 1095 790 ἐπίδοσιν.

79 810 165 849 (66)
190 809 321 850 πέμψας
351 809 387 841 δὲ
415 811 498 851 πρὸς
526 811 628 842 αὐτὸν
656 810 709 841 καὶ
738 813 886 852 Εἴραμος
914 811 931 842 ὁ
965 813 1096 852 Τυρίων

41 873 65 893 15
80 864 235 903 βασιλεὺς
259 864 376 904 φιλίαν
398 862 453 894 καὶ
485 865 673 904 συμμαχίαν
698 863 868 895 συνέθετο.
915 865 1037 905 ἔπεμψε
1063 863 1092 895 δ’

79 916 167 958 αὐτῷ
194 915 248 947 καὶ
277 917 402 956 δωρεὰς
430 916 510 954 ξύλα
539 915 674 958 κέδρινα
703 915 756 948 καὶ
785 919 932 958 τεχνίτας
960 917 1095 958 ἄνδρας,

78 967 232 1006 τέκτονας
254 968 308 1001 καὶ
333 970 540 1010 οἰκοδόμους,
569 971 604 1001 οἳ
623 970 902 1001 κατασκευάσειαν
925 971 1095 1011 βασίλειον

79 1021 115 1053 ἐν
134 1020 384 1063 Ἱεροσολύμοις.
430 1023 581 1063 Δαυίδης
601 1021 638 1054 δὲ
657 1024 717 1062 τήν
736 1022 763 1054 τ’
786 1024 854 1054 ἅνω
874 1024 972 1054 πόλιν
991 1034 1093 1064 παρα-

79 1075 190 1116 λαβὼν
212 1074 267 1106 καὶ
287 1076 347 1116 τὴν
366 1076 471 1117 ἄκραν
495 1076 646 1113 συνάψας
670 1076 751 1117 αὐτῇ
772 1075 925 1116 ἐποίησεν
939 1076 976 1107 ἓν
992 1082 1094 1117 σῶμα,

39 1137 65 1157 20
78 1127 132 1159 καὶ
164 1130 384 1169 περιτειχίσας
417 1128 614 1170 ἐπιμελητὴν
646 1134 712 1160 τῶν
745 1135 864 1170 τειχῶν
898 1129 1094 1170 κατέστησεν

75 1179 218 1222 Ἰώαβον.
265 1182 349 1222 <6Ῑ>
371 1184 513 1223 [πρῶτος
532 1180 593 1214 οὖν
610 1183 762 1223 Δαυίδης
781 1184 858 1220 τοὺς
874 1181 1095 1224 Ἰεβουσαίους

79 1233 111 1272 ἐξ
127 1233 365 1276 Ἱεροσολύμων
385 1235 532 1276 ἐκβαλὼν
552 1235 610 1276 ἀφ’
631 1235 750 1267 ἑαυτοῦ
769 1237 1015 1277 προσηγόρευσε
1033 1236 1095 1276 τὴν

78 1288 188 1318 πόλιν·
215 1286 266 1318 ἐπὶ
292 1288 352 1328 γὰρ
375 1287 538 1329 Ἁβράμου
563 1293 621 1319 τοῦ
645 1290 813 1329 προγόνου
840 1289 931 1330 ἡμῶν
955 1290 1094 1330 Σόλυμα

80 1339 233 1371 ἐκαλεῖτο.
288 1342 367 1381 μετὰ
400 1346 501 1372 ταῦτα
535 1340 565 1372 δ’
592 1341 696 1381 αὐτήν
729 1344 813 1382 φασί
843 1353 931 1379 τινες
959 1342 1008 1372 ὅτι
1039 1340 1094 1372 καὶ

40 1391 212 1434 εῡὍμηρος
240 1393 331 1425 ταῦτ’
358 1394 507 1435 ὠνόμασε
536 1396 574 1425 τὰ
603 1396 753 1435 Σόλυμα·
784 1396 820 1426 τὸ
850 1395 910 1436 γὰρ
941 1394 1031 1435 ΐερὸν
1055 1395 1094 1426 τὰ

79 1448 217 1488 Σόλυμα
240 1448 321 1478 κατὰ
345 1447 405 1487 τὴν
425 1446 586 1488 Ἑβραίων
605 1448 754 1488 ὠνόμασε
779 1451 937 1488 γλῶτταν,
962 1448 978 1479 ὃ
1004 1449 1094 1479 ἔστιν

79 1499 263 1541 ἀσφάλεια]
311 1501 395 1541 <68>
423 1498 461 1540 ἧν
486 1499 520 1532 δὲ
545 1505 608 1538 πᾶς
632 1501 649 1532 ὁ
673 1502 792 1542 χρόνος
821 1501 883 1532 ἀπὸ
908 1505 965 1541 τῆς
986 1500 1093 1541 Ἰησοῦ

79 1557 138 1584 τοῦ
175 1558 359 1594 στρατηγοῦ
397 1553 446 1585 ε’πῖ
489 1556 699 1592 Χαναναίους
736 1556 906 1595 στρατείας
942 1553 996 1584 καὶ
1034 1558 1092 1585 τοῦ

79 1605 223 1647 πολέμου
256 1605 334 1638 καθ’
366 1607 405 1638 ὃν
433 1608 596 1648 κρατήσας
629 1607 739 1639 αὐτῶν
771 1606 939 1648 κατένειμε
970 1607 1093 1647 ταύτην

40 1666 66 1685 3⁰
80 1665 148 1696 τοῖς
171 1658 349 1700 Ἑβραίοις,
377 1659 431 1692 καὶ
460 1660 569 1692 οὐκέτι
598 1663 675 1698 τοὺς
704 1662 913 1698 Χαναναίους
943 1659 1093 1700 ἐκβαλεῖν

151 1722 165 1750 ξ
185 1723 218 1746 64
238 1733 270 1742 =
292 1724 304 1746 1
322 1720 413 1748 Pax-al.
429 1721 466 1746 XI
487 1724 510 1746 6.
584 1725 598 1753 ξ
619 1724 651 1747 65
673 1734 705 1743 =
726 1725 740 1747 2
757 1721 824 1753 Βοὲς.
845 1720 869 1745 V
887 1723 909 1746 7.

134 1769 258 1789 ῙοειιῐἯυε.
280 1770 309 1788 Π.

916 1768 929 1789 ’ἲ

1116 397 1130 419 ⁵2.
