1261 1917
547 86 697 112 EBAOMH
1067 84 1130 116 149

116 165 254 208 με’τρους
270 166 431 207 ἐποίησεν.
462 167 586 208 ὄργανά
602 178 634 198 τε
649 166 893 203 κατασκευάσεις
908 166 1035 204 ἐδίδαξε
1050 167 1132 208 πρὸς

116 220 198 251 αὐτὰ
213 221 290 256 τοὺς
307 221 447 258 Λευίτας
466 220 584 261 ὑμνεῖν
599 220 657 251 τὸν
675 220 757 251 θεὸν
777 219 857 250 κατά
872 230 906 250 τε
922 219 981 260 τὴν
996 225 1062 251 τῶν
1077 231 1132 250 ucc-

116 271 289 314 λουμένων
305 273 478 314 σαββάτων
501 272 623 315 ἡμέραν
643 272 792 304 καὶκατὰ
814 273 870 309 τὰς
889 273 991 310 ἄλλας
1011 271 1134 314 ἑορτάς.

117 326 224 365 <306>
246 325 264 365 ἡ
285 324 320 356 δὲ
341 331 406 357 τῶν
426 326 578 367 ὁργάνων
600 325 671 357 ι’δεά
686 326 819 365 τοιαύτη
840 326 890 362 τίς
905 324 971 356 ε’στι
988 325 1046 356 τὸν
1061 327 1134 365 τρό-

90 386 102 406 5
117 390 190 410 πον.
221 378 240 419 ἡ
256 377 316 419 μὲν
331 380 449 420 κινύρα
465 378 543 410 δέκα
557 380 693 420 χορδαῖς
708 377 868 420 ἐξημμένη
886 378 1039 410 τύπτεται
1054 379 1134 418 πλή-

116 443 214 475 κτρῳ,
233 431 251 471 ἡ
273 430 307 462 δὲ
331 432 433 473 νάβλα
456 432 582 463 δώδεκα
603 433 777 473 φθόγγους
794 432 913 472 ἔχουσα
929 437 997 468 τοῖς
1017 432 1134 462 δακτύ-

117 488 188 522 λοις
204 485 366 525 κρούεται.
408 485 557 526 κύμβαλά
573 484 600 516 τ’
618 483 659 525 ἦν
677 483 799 516 πλατέα
814 483 867 515 καὶ
883 484 1008 525 μεγάλα
1023 487 1134 525 χαλκᾶ.

183 536 236 569 καὶ
261 537 335 578 περὶ
359 537 419 579 μὲν
445 539 570 569 τούτων
599 537 650 569 ἐπὶ
675 542 835 569 τοσοῦτον
861 537 955 579 ἡμῖν,
985 537 1067 569 ὥστε
1091 538 1134 578 μὴ

118 590 234 628 τελέως
257 590 392 631 ἀγνοεῖν
416 591 476 631 τὴν
495 597 561 622 τῶν
580 590 828 632 προειρημένων
846 591 999 631 ὁργάνων
1018 591 1135 631 φύσιν,

77 651 101 670 10
116 643 281 685 ἀρκείσθω
307 643 473 685 λελέχθαι·
497 644 605 684 <3οῖ>
629 649 673 686 τῷ
698 642 733 675 δὲ
753 646 884 684 βασιλεῖ’
905 644 1025 681 πάντες
1048 641 1132 684 ἦσαν

116 697 150 728 οἱ
171 695 245 737 περὶ
270 697 372 728 αὐτὸν
391 697 549 738 ἀνδρεῖοι,
574 698 700 728 τούτων
720 695 750 727 δ’
773 697 808 728 οἱ
826 697 1059 738 διασημότατοι
1078 695 1133 727 καὶ

116 748 258 791 λαμπροὶ
287 751 344 787 τὰς
371 750 503 791 πράξεις
532 750 615 781 ὀκτὼ
644 748 697 780 καὶ
727 749 911 790 τριάκοντα.
960 747 1008 781 ὧν
1036 748 1133 780 πέντε

115 804 228 843 μόνων
256 803 453 843 διηγήσομαι
482 800 598 843 τᾶργα·
633 803 779 843 φανερὰς
809 803 870 843 γὰρ
898 801 952 833 καὶ
981 803 1039 839 τὰς
1066 808 1133 834 τῶν

116 856 226 887 ἄλλων
249 855 366 896 ἀρετὰς
389 854 587 896 ἀρκέσουσιν
611 852 702 886 οὗτοι
731 859 878 895 ποιῆσαι·
909 853 1045 886 δυνατοὶ
1071 856 1132 896 γὰρ

76 916 101 934 15
118 906 200 949 ἦσαν
224 905 315 939 οὗτοι
339 907 392 938 καὶ
417 908 525 948 χώρας
548 907 735 948 ὑπάγεσθαι
764 906 817 938 καὶ
842 907 996 948 μεγάλων
1023 907 1135 939 ἐθνῶν

114 965 282 1002 κρατῆσαι.
325 961 433 1000 <308>
456 966 586 1002 πρῶτος
609 958 669 1001 μὲν
693 958 755 991 οὖν
772 959 937 1002 Ἰέσσαμος
960 961 1033 998 υίὸς
1050 960 1135 1002 Ἀχε-

115 1015 230 1055 μαίου,
260 1013 296 1050 ὃς
323 1013 482 1051 πολλάκις
510 1015 556 1051 εἰς
585 1014 645 1054 τὴν
673 1014 855 1055 παράταξιν
886 1014 1041 1055 ἐμπηδῶν
1070 1020 1136 1046 τῶν

114 1068 295 1108 πολεμίων,
325 1067 364 1098 οὐ
388 1065 469 1108 πρὶν
498 1066 683 1098 ἀπεπαύετο
707 1068 892 1108 μαχόμενος
919 1066 998 1108 πρὶν
1023 1067 1136 1099 ἐνακο-

116 1122 208 1157 σιόυς
233 1119 343 1151 αὐτῶν
366 1119 533 1160 κατέβαλε.
577 1118 646 1160 μετ’
669 1119 771 1151 αὐτὸν
798 1117 837 1160 ἦν
854 1119 1044 1162 Ἐλεάζαρος
1064 1121 1136 1157 υίὸς

75 1180 101 1199 20
117 1173 280 1212 Δωδείου,
299 1172 335 1210 ὃς
354 1169 396 1213 ἦν
410 1173 489 1213 μετὰ
506 1177 565 1204 τοῦ
581 1171 742 1213 βασιλέως
762 1172 798 1203 ἐν
811 1171 991 1216 Ἁρασάμῳ.
1028 1174 1136 1213 (309)

117 1223 214 1262 οὗτός
237 1237 313 1256 ποτε
337 1230 404 1256 τῶν
421 1224 632 1266 Ἰσραηλιτῶν
655 1224 930 1265 καταπλαγέντων
950 1226 986 1257 τὸ
1006 1228 1136 1266 πλῆθος

117 1283 183 1310 τῶν
212 1280 446 1309 Παλαιστινῶν
478 1277 531 1309 καὶ
566 1279 760 1319 φευγόντων
793 1280 895 1319 μόνος
926 1280 1047 1319 ἔμεινε,
1081 1277 1135 1309 καὶ

117 1330 293 1372 συμπεσὼν
321 1335 389 1367 τοῖς
416 1332 585 1371 πολεμίοις
615 1329 805 1362 ἀπέκτεινεν
840 1331 950 1362 αὐτῶν
981 1332 1134 1371 πολλούς,

117 1384 160 1421 ὡς
189 1383 251 1415 ὑπὸ
286 1387 344 1414 τοῦ
378 1383 514 1423 αἵματος
544 1386 836 1424 προσκολληθῆναι
870 1383 930 1423 τὴν
964 1383 1134 1425 ῥομφαίαν

77 1444 102 1464 25
117 1437 220 1468 αὐτοῦ
244 1441 281 1477 τῇ
307 1436 409 1478 δεξιᾷ,
433 1435 487 1467 καὶ
512 1437 589 1473 τοὺς
610 1434 820 1477 Ἰσραηλίτας,
845 1436 978 1473 ἰδόντας
999 1448 1134 1478 τετραμ-

117 1489 238 1531 μένους
262 1488 318 1520 ὑπ’
341 1489 443 1520 αὐτοῦ
466 1490 543 1525 τοὺς
563 1489 818 1528 Παλαιστινούς,
842 1489 1046 1529 καταβάντας
1070 1489 1132 1521 ἀπὸ

116 1549 183 1574 τῶν
203 1541 309 1583 ὀρέων
330 1542 473 1580 διώκειν,
497 1540 550 1572 καὶ
570 1542 768 1582 θαυμαστὴν
791 1540 844 1572 καὶ
866 1542 1045 1582 διαβόητον
1064 1544 1136 1574 τότε

117 1598 212 1636 νίκην
241 1596 402 1637 ἅρασθαι,
432 1599 491 1625 τοῦ
519 1593 580 1635 μὲν
606 1593 798 1636 Ἐλεαζάρου
827 1596 1029 1635 κτείνοντος,
1063 1594 1137 1627 ἑπο-

117 1648 220 1690 μένου
245 1646 281 1680 ὁὲ
306 1652 364 1680 τοῦ
388 1648 540 1688 πλήθους
563 1646 616 1678 καὶ
638 1648 856 1685 σκυλεύοντος
880 1649 957 1685 τοὺς
981 1647 1137 1690 ἀναιρου-

79 1710 105 1729 ³0
120 1701 249 1743 μένους.
293 1701 400 1741 <310>
421 1702 531 1742 τρίτος
551 1699 580 1731 δ’
604 1698 644 1741 ἦν
662 1699 745 1732 Ἰλοῦ
765 1699 825 1741 μὲν
844 1701 926 1739 υίός,
946 1702 1138 1742 Κησαβαῑος

187 1765 201 1794 ξ
222 1765 272 1788 305
293 1775 324 1783 =
346 1764 360 1787 2
376 1761 443 1795 Reg.
465 1760 540 1786 XXH
560 1765 586 1792 13
610 1764 621 1786 1
642 1760 734 1788 Paral.
753 1761 817 1787 XVI
834 1763 857 1787 7.
887 1761 964 1787 XXV
981 1763 1004 1788 1.
