1261 1917
62 351 74 371 5

50 616 75 635 10

51 880 75 900 15

51 1145 77 1163 20

53 1409 79 1428 25

54 1673 79 1692 ³0

532 47 655 72 οΓΔοΠ
1036 45 1100 76 233

89 128 227 159 δικαίου.
275 125 433 167 διέπεμψε
458 126 487 158 δ’
510 127 527 158 ὁ
548 129 702 168 βασιλεὺς
725 126 778 158 καὶ
803 129 879 164 τοὺς
900 126 935 158 ἐν
954 131 992 168 τῇ
1013 128 1102 169 χώρᾳ

88 185 154 212 τῶν
177 181 327 220 νομίμων
351 179 658 221 ἐπιμελησομένους.

155 233 262 273 <298>
287 231 341 263 καὶ
366 233 404 264 τὰ
428 231 489 273 μὲν
510 232 649 264 Ἀσάνου
677 237 735 264 τοῦ
764 232 925 274 βασιλέως
950 238 1016 263 τῶν
1041 233 1101 263 δύο
1122 245 1127 265 ;

88 289 205 328 φυλῶν
234 285 270 316 ἐν
298 287 428 323 τούτοις
456 286 614 326 ὑπῆρχεν*
643 285 792 326 ἐπάνειμι
822 284 851 317 δ’
881 284 933 317 ἐπὶ
962 286 1020 316 τὸν
1044 290 1104 316 τοῦ

89 340 239 380 πλήθους
262 345 328 370 τῶν
350 338 559 380 Ἰσραηλιτῶν
583 338 719 380 βασιλέα
744 339 915 379 Βασάνην,
942 339 1000 369 τὸν
1024 338 1103 369 ἀποη

88 394 260 424 κτείναντα
275 393 334 423 τὸν
344 391 554 433 Ἱεροβοάμου
569 392 645 423 υἱὸν
657 392 817 433 Νάδαβον
831 391 885 423 καὶ
900 393 1104 432 κατασχόντα

88 446 148 486 τὴν
172 445 285 486 ἀρχήν.
354 446 440 485 299)
465 442 562 482 οὗτος
586 446 647 486 γὰρ
672 444 708 476 ἐν
730 447 841 486 Θαρσῇ
862 446 954 476 πόλει
980 445 1104 485 διατρί-

89 500 158 539 βων
190 497 244 530 aaz
277 499 400 538 ταύτην
433 499 623 539 οἰκητήριον
657 497 876 539 πεποιημένος
908 501 1011 528 εἰκοσι
1044 495 1105 538 μὲν

89 550 300 592 ἐβασίλευσεν
329 552 382 590 ἔτη
411 549 465 581 καὶ
494 550 644 591 τέτταρα,
672 552 817 591 πονηρὸς
845 549 881 581 δὲ
904 549 958 581 καὶ
985 550 1106 591 ἀσεβὴς

88 603 171 645 ὑπὲρ
188 603 397 645 Ἱεροβόαμον
420 602 473 635 καὶ
498 605 556 635 τὸν
579 604 655 635 υἱὸν
679 604 782 635 αὐτοῦ
801 605 978 644 γενόμενος
999 603 1104 634 πολλὰ

89 656 143 688 καὶ
167 658 204 688 τὸ
227 660 357 698 πλῆθος
380 657 462 688 κακὰ
486 656 621 697 διέθηκε
649 656 703 688 καὶ
732 658 790 688 τὸν
818 658 900 688 θεὸν
925 656 1105 697 ἐξύβρισεν.

90 710 126 747 ὃς
150 710 237 753 αὐτῷ
257 710 386 751 πέμψας
403 709 509 750 Ἰηοῦν
534 711 592 741 τὸν
610 711 785 750 προφήτην
808 716 943 751 προεῖπε
965 710 1106 750 διαφθε-

91 769 162 804 ρεῖν
186 763 288 795 αὐτοῦ
312 767 378 794 πᾶν
403 764 439 794 τὸ
464 762 560 802 γένος
587 761 640 793 καὶ
665 768 734 800 τοῖς
758 763 870 799 αὐτοῖς
896 758 946 799 οἷς
969 761 1023 793 καὶ
1048 763 1107 793 τὸν

86 813 297 857 Ἱεροβοάμου
321 822 433 853 κακοῖς
457 815 651 857 περιέβαλεν
675 813 768 847 οἷκον
792 814 968 853 ἐξολέσειν,
997 816 1105 855 <300>

91 870 139 901 ὅτι
168 871 322 910 βασιλεὺς
351 868 406 901 ὑπ’
434 869 535 900 αὐτοῦ
565 870 741 910 γενόμενος
769 868 829 899 οὐκ
858 868 1017 909 ἠμείψατο
1046 868 1107 908 τὴν

91 922 281 963 εὐεργεσίαν
313 927 357 965 τῷ
391 923 526 958 δικαίως
557 926 739 962 προστῆναι
777 926 836 952 τοῦ
869 923 1020 962 πλήθους
1052 920 1106 952 καὶ

91 976 242 1017 εὐσεβῶς,
262 975 343 1016 ἅπερ
359 975 471 1012 αὐτοῖς
485 981 617 1016 πρῶτον
634 980 703 1012 τοῖς
718 971 792 1005 οὖσι
807 975 970 1011 τοιούτοις
985 974 1107 1014 ἀγαθά,

91 1030 200 1060 ἔπειτα
223 1033 268 1071 τῷ
291 1031 360 1071 θεῷ
385 1029 476 1068 φίλα,
501 1029 559 1059 τὸν
583 1026 619 1059 δὲ
639 1028 794 1058 κάκιστον
809 1026 1020 1068 Ἱεροβόαμον
1039 1027 1106 1068 ἐμι-

91 1083 214 1123 μήσατο
238 1080 292 1112 καὶ
317 1086 374 1121 τῆς
397 1085 504 1122 ψυχῆς
528 1080 734 1121 ἀπολομένης
762 1085 819 1121 τῆς
848 1080 976 1111 ἐκείνου
1001 1082 1108 1118 ζῶσαν

93 1134 128 1166 ἐν
156 1135 244 1177 αὑτῷ
272 1134 332 1174 τὴν
360 1136 524 1175 πονηρίαν
553 1133 736 1171 ἀνεδέξατο.
787 1139 905 1174 πεῖραν
934 1131 995 1164 οὖν
1023 1133 1108 1171 ἕξειν

93 1188 225 1224 εἰκότως
257 1192 314 1228 τῆς
347 1187 462 1228 ὁμοίας
495 1192 669 1228 συμφορᾶς
701 1186 803 1218 αὐτὸν
832 1188 958 1226 ἔλεγεν,
991 1187 1109 1228 ὅμοιον

92 1241 180 1283 αὐτῷ
208 1241 395 1280 γενόμενον.
443 1240 558 1280 <301>
586 1240 740 1280 Βασάνης
768 1238 804 1270 δὲ
832 1240 1045 1281 προακηκοὼς
1068 1240 1108 1271 τὰ

92 1292 242 1334 μέλλοντ’
274 1293 361 1336 αὐτῷ
390 1294 618 1333 συμβήσεσθαι
647 1294 728 1324 κακὰ
757 1291 833 1334 μεθ’
865 1293 943 1333 ὅλης
970 1298 1028 1333 τῆς
1056 1305 1108 1333 γε-

93 1351 169 1383 νεᾶς
193 1345 244 1377 ἐπὶ
269 1351 338 1383 τοῖς
362 1345 627 1386 τετολμημένοις,
656 1346 696 1376 οὐ
719 1347 802 1386 πρὸς
825 1346 861 1377 τὸ
888 1347 1006 1377 λοιπὸν
1029 1346 1108 1386 ἡσύ-

92 1408 202 1440 χασεν,
222 1399 277 1430 ἵνα
292 1399 335 1440 μὴ
355 1401 481 1440 μᾶλλον
499 1399 644 1439 πονηρὸς
659 1398 756 1436 δόξας
775 1398 941 1439 ἀποθάνῃ,
960 1398 1011 1429 καὶ
1033 1398 1107 1440 περὶ

93 1458 160 1484 τῶν
183 1451 431 1495 παρῳχημένων
455 1451 489 1482 ἐκ
513 1456 572 1483 τοῦ
596 1453 668 1483 τότε
692 1456 775 1491 γοῦν
794 1453 1006 1492 μετανοήσας,
1031 1460 1108 1492 συγ-

93 1506 224 1546 γνώμης
251 1505 339 1546 παρὰ
367 1509 426 1536 τοῦ
454 1508 538 1536 θεοῦ
567 1505 663 1546 τύχῃ,
695 1505 811 1544 <302>
840 1503 911 1536 ἀλλ’
939 1505 1047 1546 ὥσπερ
1077 1507 1111 1536 οἳ

92 1557 317 1600 προκειμένων
337 1558 449 1595 αὐτοῖς
467 1558 594 1598 ἄθλων,
616 1557 698 1589 ε’πιὶν
717 1559 795 1598 περί
811 1569 842 1588 τι
863 1557 1107 1598 σπουδάσωσιν,

93 1611 132 1642 οὐ
157 1612 362 1643 διαλείπουσι
386 1609 462 1652 περὶ
486 1609 574 1642 τοῦτ’
601 1610 828 1652 ἐνεργοῦντες,
855 1611 940 1642 οὕτω
964 1610 1018 1642 καὶ
1043 1613 1108 1642 Βα-

94 1664 204 1705 σάνης,
228 1665 461 1706 προειρηκότος
484 1663 572 1708 αὐτῷ
596 1669 655 1695 τοῦ
678 1665 852 1705 προφήτου
876 1665 914 1695 τὰ
936 1663 1108 1705 μέλλοντα,

164 1727 245 1757 §298
266 1738 298 1747 =
318 1728 333 1750 3
348 1725 416 1758 Reg.
433 1724 482 1751 XV
498 1727 540 1752 33.
615 1728 628 1757 ξ
644 1728 695 1752 300
715 1738 747 1747 =
769 1727 783 1750 3
799 1724 947 1758 Reg.XV1
964 1728 986 1751 1.
