<?xml version="1.0" encoding="UTF-8"?>
<!DOCTYPE html PUBLIC "-//W3C//DTD XHTML 1.0 Transitional//EN"
    "http://www.w3.org/TR/xhtml1/DTD/xhtml1-transitional.dtd">
<html xmlns="http://www.w3.org/1999/xhtml" xml:lang="en" lang="en">
 <head>
  <title>
</title>
<meta http-equiv="Content-Type" content="text/html;charset=utf-8" />
  <meta name='ocr-system' content='tesseract 3.04.00' />
  <meta name='ocr-capabilities' content='ocr_page ocr_carea ocr_par ocr_line ocrx_word'/>
</head>
<body>
  <div class='ocr_page' id='page_1' title='image "./flaviiiosephiope02joseuoft_0135.png"; bbox 0 0 1261 1917; ppageno 0'>
   <div class='ocr_carea' id='block_1_1' title="bbox 488 60 1068 92">
    <p class='ocr_par' dir='ltr' id='par_1_1' title="bbox 488 60 1068 92">
     <span class='ocr_line' id='line_1_1' title="bbox 488 60 1068 92; baseline 0.01 -6"><span class='ocrx_word' id='word_1_1' title='bbox 488 63 638 88; x_wconf 67' lang='lat' dir='ltr'>EBAOMH</span> <span class='ocrx_word' id='word_1_2' title='bbox 1026 60 1068 92; x_wconf 79' lang='grc'><em>87</em></span> 
     </span>
    </p>
   </div>
   <div class='ocr_carea' id='block_1_2' title="bbox 0 141 1081 1770">
    <p class='ocr_par' dir='ltr' id='par_1_2' title="bbox 0 141 1081 1770">
     <span class='ocr_line' id='line_1_2' title="bbox 58 141 1070 186; baseline -0.003 -10"><span class='ocrx_word' id='word_1_3' title='bbox 58 144 248 186; x_wconf 73' lang='grc' dir='ltr'><em>ὁμοφύλους</em></span> <span class='ocrx_word' id='word_1_4' title='bbox 272 143 318 180; x_wconf 87' lang='grc' dir='ltr'><em>εἰς</em></span> <span class='ocrx_word' id='word_1_5' title='bbox 343 143 435 183; x_wconf 76' lang='grc' dir='ltr'><em>ἔριδα</em></span> <span class='ocrx_word' id='word_1_6' title='bbox 459 141 512 174; x_wconf 81' lang='grc' dir='ltr'><em>καὶ</em></span> <span class='ocrx_word' id='word_1_7' title='bbox 541 143 648 184; x_wconf 78' lang='grc' dir='ltr'><em>μάχην</em></span> <span class='ocrx_word' id='word_1_8' title='bbox 676 142 875 183; x_wconf 80' lang='grc' dir='ltr'><em>παροξύνειν</em></span> <span class='ocrx_word' id='word_1_9' title='bbox 899 141 1070 183; x_wconf 76' lang='grc' dir='ltr'>(ἁμαρτεῖν</span> 
     </span>
     <span class='ocr_line' id='line_1_3' title="bbox 59 190 1071 238; baseline -0.003 -9"><span class='ocrx_word' id='word_1_10' title='bbox 59 198 120 238; x_wconf 83' lang='grc' dir='ltr'><em>γὰρ</em></span> <span class='ocrx_word' id='word_1_11' title='bbox 143 195 197 228; x_wconf 79' lang='grc' dir='ltr'><em>καὶ</em></span> <span class='ocrx_word' id='word_1_12' title='bbox 216 196 274 227; x_wconf 91' lang='grc' dir='ltr'><em>τὸν</em></span> <span class='ocrx_word' id='word_1_13' title='bbox 294 190 439 236; x_wconf 75' lang='grc' dir='ltr'><em>ἀδελφὸν</em></span> <span class='ocrx_word' id='word_1_14' title='bbox 459 196 562 227; x_wconf 86' lang='grc' dir='ltr'><em>αὐτοῦ</em></span> <span class='ocrx_word' id='word_1_15' title='bbox 579 195 747 236; x_wconf 75' lang='grc' dir='ltr'><em>Ἀσάηλον,</em></span> <span class='ocrx_word' id='word_1_16' title='bbox 771 195 807 232; x_wconf 83' lang='grc' dir='ltr'><em>ὃς</em></span> <span class='ocrx_word' id='word_1_17' title='bbox 828 199 1071 236; x_wconf 71' lang='grc' dir='ltr'><em>παραινοῦντος</em></span> 
     </span>
     <span class='ocr_line' id='line_1_4' title="bbox 59 247 1070 291; baseline -0.001 -11"><span class='ocrx_word' id='word_1_18' title='bbox 59 251 102 291; x_wconf 92' lang='grc' dir='ltr'><em>μὴ</em></span> <span class='ocrx_word' id='word_1_19' title='bbox 130 249 262 281; x_wconf 82' lang='grc' dir='ltr'><em>διώκειν</em></span> <span class='ocrx_word' id='word_1_20' title='bbox 295 249 355 280; x_wconf 83' lang='grc' dir='ltr'><em>οὐκ</em></span> <span class='ocrx_word' id='word_1_21' title='bbox 383 248 520 289; x_wconf 79' lang='grc' dir='ltr'><strong><em>ἐπείσθη</em></strong></span> <span class='ocrx_word' id='word_1_22' title='bbox 549 248 602 280; x_wconf 85' lang='grc' dir='ltr'><em>καὶ</em></span> <span class='ocrx_word' id='word_1_23' title='bbox 631 249 685 280; x_wconf 80' lang='grc' dir='ltr'><em>διὰ</em></span> <span class='ocrx_word' id='word_1_24' title='bbox 716 253 812 280; x_wconf 88' lang='grc' dir='ltr'><em>τοῦτο</em></span> <span class='ocrx_word' id='word_1_25' title='bbox 846 247 983 289; x_wconf 81' lang='grc' dir='ltr'><em>βληθεὶς</em></span> <span class='ocrx_word' id='word_1_26' title='bbox 1011 248 1070 279; x_wconf 83' lang='grc' dir='ltr'><em>ἀπ-</em></span> 
     </span>
     <span class='ocr_line' id='line_1_5' title="bbox 59 300 1071 344; baseline -0.003 -10"><span class='ocrx_word' id='word_1_27' title='bbox 59 302 183 344; x_wconf 53' lang='grc' dir='ltr'><em>έθανε),</em></span> <span class='ocrx_word' id='word_1_28' title='bbox 207 303 443 343; x_wconf 76' lang='grc' dir='ltr'><em>συμφρονήσας</em></span> <span class='ocrx_word' id='word_1_29' title='bbox 467 300 518 332; x_wconf 75' lang='grc' dir='ltr'><em>καὶ</em></span> <span class='ocrx_word' id='word_1_30' title='bbox 544 301 750 342; x_wconf 78' lang='grc' dir='ltr'><em>παράκλησιν</em></span> <span class='ocrx_word' id='word_1_31' title='bbox 769 300 974 341; x_wconf 73' lang='grc' dir='ltr'><em>ἡγησάμενος</em></span> <span class='ocrx_word' id='word_1_32' title='bbox 996 301 1071 331; x_wconf 88' lang='grc' dir='ltr'><em>τού-</em></span> 
     </span>
     <span class='ocr_line' id='line_1_6' title="bbox 31 353 1071 395; baseline -0.004 -7"><span class='ocrx_word' id='word_1_33' title='bbox 31 368 135 393; x_wconf 68' lang='grc' dir='ltr'><em>οτους</em></span> <span class='ocrx_word' id='word_1_34' title='bbox 171 357 247 392; x_wconf 80' lang='grc' dir='ltr'><em>τοὺς</em></span> <span class='ocrx_word' id='word_1_35' title='bbox 285 356 403 394; x_wconf 82' lang='grc' dir='ltr'><em>λόγους</em></span> <span class='ocrx_word' id='word_1_36' title='bbox 441 354 458 386; x_wconf 83' lang='grc' dir='ltr'>ὁ</span> <span class='ocrx_word' id='word_1_37' title='bbox 489 353 619 395; x_wconf 85' lang='grc' dir='ltr'><em>Ἰώαβος</em></span> <span class='ocrx_word' id='word_1_38' title='bbox 656 354 813 385; x_wconf 75' lang='grc' dir='ltr'><em>ἀνακαλεῖ</em></span> <span class='ocrx_word' id='word_1_39' title='bbox 843 358 882 395; x_wconf 74' lang='grc' dir='ltr'><em>τῇ</em></span> <span class='ocrx_word' id='word_1_40' title='bbox 916 353 1071 393; x_wconf 75' lang='grc' dir='ltr'><em>σάλπιγγι</em></span> 
     </span>
     <span class='ocr_line' id='line_1_7' title="bbox 60 406 1072 449; baseline -0.003 -9"><span class='ocrx_word' id='word_1_41' title='bbox 60 409 205 449; x_wconf 79' lang='grc' dir='ltr'><em>σημήνας</em></span> <span class='ocrx_word' id='word_1_42' title='bbox 232 409 308 445; x_wconf 83' lang='grc' dir='ltr'><em>τοὺς</em></span> <span class='ocrx_word' id='word_1_43' title='bbox 341 408 540 447; x_wconf 84' lang='grc' dir='ltr'><em>στρατιώτας</em></span> <span class='ocrx_word' id='word_1_44' title='bbox 568 406 621 438; x_wconf 81' lang='grc' dir='ltr'><em>καὶ</em></span> <span class='ocrx_word' id='word_1_45' title='bbox 651 411 707 447; x_wconf 82' lang='grc' dir='ltr'><em>τῆς</em></span> <span class='ocrx_word' id='word_1_46' title='bbox 737 406 788 438; x_wconf 85' lang='grc' dir='ltr'><em>ε’πὶ</em></span> <span class='ocrx_word' id='word_1_47' title='bbox 817 407 901 438; x_wconf 82' lang='grc' dir='ltr'><em>πολὺ</em></span> <span class='ocrx_word' id='word_1_48' title='bbox 930 406 1072 444; x_wconf 76' lang='grc' dir='ltr'><em>διώξεως</em></span> 
     </span>
     <span class='ocr_line' id='line_1_8' title="bbox 60 457 1073 503; baseline -0.003 -10"><span class='ocrx_word' id='word_1_49' title='bbox 60 461 180 503; x_wconf 81' lang='grc' dir='ltr'><em>ἐπέσχε.</em></span> <span class='ocrx_word' id='word_1_50' title='bbox 227 461 313 501; x_wconf 70' lang='grc'>&lt;18&gt;</span> <span class='ocrx_word' id='word_1_51' title='bbox 341 459 393 491; x_wconf 78' lang='grc' dir='ltr'><em>καὶ</em></span> <span class='ocrx_word' id='word_1_52' title='bbox 419 457 515 497; x_wconf 80' lang='grc' dir='ltr'><em>οὗτος</em></span> <span class='ocrx_word' id='word_1_53' title='bbox 539 458 599 500; x_wconf 73' lang='grc' dir='ltr'><em>μὲν</em></span> <span class='ocrx_word' id='word_1_54' title='bbox 624 458 673 490; x_wconf 82' lang='grc' dir='ltr'><em>ἐπ’</em></span> <span class='ocrx_word' id='word_1_55' title='bbox 701 459 829 490; x_wconf 83' lang='grc' dir='ltr'><em>ἐκείνου</em></span> <span class='ocrx_word' id='word_1_56' title='bbox 855 468 1073 500; x_wconf 87' lang='grc' dir='ltr'><em>καταστρατο-</em></span> 
     </span>
     <span class='ocr_line' id='line_1_9' title="bbox 59 511 1072 553; baseline -0.003 -7"><span class='ocrx_word' id='word_1_57' title='bbox 59 515 227 547; x_wconf 84' lang='grc' dir='ltr'><em>πεδεύεται</em></span> <span class='ocrx_word' id='word_1_58' title='bbox 252 517 310 544; x_wconf 87' lang='grc' dir='ltr'><em>τοῦ</em></span> <span class='ocrx_word' id='word_1_59' title='bbox 334 514 436 544; x_wconf 88' lang='grc' dir='ltr'><em>τόπον</em></span> <span class='ocrx_word' id='word_1_60' title='bbox 459 513 520 553; x_wconf 83' lang='grc' dir='ltr'><em>τὴν</em></span> <span class='ocrx_word' id='word_1_61' title='bbox 542 514 641 544; x_wconf 89' lang='grc' dir='ltr'><em>νύκτα</em></span> <span class='ocrx_word' id='word_1_62' title='bbox 663 513 795 553; x_wconf 83' lang='grc' dir='ltr'><em>ταύτην,</em></span> <span class='ocrx_word' id='word_1_63' title='bbox 816 512 1012 553; x_wconf 81' lang='grc' dir='ltr'><em>Ἀβέννηρος</em></span> <span class='ocrx_word' id='word_1_64' title='bbox 1035 511 1072 543; x_wconf 75' lang='grc' dir='ltr'><em>δὲ</em></span> 
     </span>
     <span class='ocr_line' id='line_1_10' title="bbox 60 564 1074 607; baseline -0.003 -8"><span class='ocrx_word' id='word_1_65' title='bbox 60 566 103 599; x_wconf 82' lang='grc' dir='ltr'><em>δι’</em></span> <span class='ocrx_word' id='word_1_66' title='bbox 135 568 210 607; x_wconf 81' lang='grc' dir='ltr'><em>ὅλης</em></span> <span class='ocrx_word' id='word_1_67' title='bbox 239 567 339 607; x_wconf 76' lang='grc' dir='ltr'><em>αὐτῆς</em></span> <span class='ocrx_word' id='word_1_68' title='bbox 367 566 506 603; x_wconf 77' lang='grc' dir='ltr'><em>ὁδεύσας</em></span> <span class='ocrx_word' id='word_1_69' title='bbox 534 565 587 597; x_wconf 82' lang='grc' dir='ltr'><em>καὶ</em></span> <span class='ocrx_word' id='word_1_70' title='bbox 616 566 883 607; x_wconf 76' lang='grc' dir='ltr'><em>περαιωσάμενος</em></span> <span class='ocrx_word' id='word_1_71' title='bbox 911 566 968 597; x_wconf 88' lang='grc' dir='ltr'><em>τὸν</em></span> <span class='ocrx_word' id='word_1_72' title='bbox 994 564 1074 606; x_wconf 87' lang='grc' dir='ltr'><em>Ἰορ-</em></span> 
     </span>
     <span class='ocr_line' id='line_1_11' title="bbox 20 619 1074 661; baseline -0.003 -9"><span class='ocrx_word' id='word_1_73' title='bbox 20 632 45 652; x_wconf 86' lang='grc' dir='ltr'><em>ιο</em></span> <span class='ocrx_word' id='word_1_74' title='bbox 60 621 164 660; x_wconf 82' lang='grc' dir='ltr'><em>δάνην</em></span> <span class='ocrx_word' id='word_1_75' title='bbox 179 620 326 661; x_wconf 86' lang='grc' dir='ltr'><em>ποταμὸν</em></span> <span class='ocrx_word' id='word_1_76' title='bbox 341 619 527 659; x_wconf 72' lang='grc' dir='ltr'><em>ἀφικνεῖται</em></span> <span class='ocrx_word' id='word_1_77' title='bbox 547 620 629 660; x_wconf 85' lang='grc' dir='ltr'><em>πρὸς</em></span> <span class='ocrx_word' id='word_1_78' title='bbox 648 620 706 650; x_wconf 91' lang='grc' dir='ltr'><em>τὸν</em></span> <span class='ocrx_word' id='word_1_79' title='bbox 726 623 784 650; x_wconf 86' lang='grc' dir='ltr'><em>τοῦ</em></span> <span class='ocrx_word' id='word_1_80' title='bbox 800 619 956 650; x_wconf 86' lang='grc' dir='ltr'><em>Σαούλου</em></span> <span class='ocrx_word' id='word_1_81' title='bbox 971 619 1074 649; x_wconf 81' lang='grc' dir='ltr'><em>παῖδα</em></span> 
     </span>
     <span class='ocr_line' id='line_1_12' title="bbox 60 670 1075 713; baseline -0.003 -8"><span class='ocrx_word' id='word_1_82' title='bbox 60 675 106 711; x_wconf 79' lang='grc' dir='ltr'><em>είς</em></span> <span class='ocrx_word' id='word_1_83' title='bbox 134 674 190 710; x_wconf 84' lang='grc' dir='ltr'><em>τὰς</em></span> <span class='ocrx_word' id='word_1_84' title='bbox 219 673 436 713; x_wconf 80' lang='grc' dir='ltr'><em>Παρεμβολὰς</em></span> <span class='ocrx_word' id='word_1_85' title='bbox 462 671 640 713; x_wconf 82' lang='grc' dir='ltr'><em>Ἰέβοσθον.</em></span> <span class='ocrx_word' id='word_1_86' title='bbox 692 676 731 713; x_wconf 75' lang='grc' dir='ltr'><em>τῇ</em></span> <span class='ocrx_word' id='word_1_87' title='bbox 765 670 794 702; x_wconf 82' lang='grc' dir='ltr'><em>δ’</em></span> <span class='ocrx_word' id='word_1_88' title='bbox 827 671 964 712; x_wconf 72' lang='grc' dir='ltr'><em>ἐχομένῃ</em></span> <span class='ocrx_word' id='word_1_89' title='bbox 997 672 1075 708; x_wconf 81' lang='grc' dir='ltr'><em>τοὺς</em></span> 
     </span>
     <span class='ocr_line' id='line_1_13' title="bbox 59 724 1075 767; baseline -0.002 -10"><span class='ocrx_word' id='word_1_90' title='bbox 59 727 196 767; x_wconf 79' lang='grc' dir='ltr'><em>νεκροὺς</em></span> <span class='ocrx_word' id='word_1_91' title='bbox 213 725 344 766; x_wconf 80' lang='grc' dir='ltr'><em>Ἰώαβος</em></span> <span class='ocrx_word' id='word_1_92' title='bbox 364 725 585 766; x_wconf 80' lang='grc' dir='ltr'><em>ἐξαριθμήσας</em></span> <span class='ocrx_word' id='word_1_93' title='bbox 605 726 751 762; x_wconf 77' lang='grc' dir='ltr'><em>ἅπαντας</em></span> <span class='ocrx_word' id='word_1_94' title='bbox 771 724 954 764; x_wconf 77' lang='grc' dir='ltr'><em>ἐκήδευσεν.</em></span> <span class='ocrx_word' id='word_1_95' title='bbox 988 725 1075 764; x_wconf 73' lang='grc'>&lt;19&gt;</span> 
     </span>
     <span class='ocr_line' id='line_1_14' title="bbox 60 777 1075 819; baseline -0.002 -9"><span class='ocrx_word' id='word_1_96' title='bbox 60 780 178 810; x_wconf 79' lang='grc' dir='ltr'><em>ἔπεσον</em></span> <span class='ocrx_word' id='word_1_97' title='bbox 206 777 241 810; x_wconf 72' lang='grc' dir='ltr'><em>δὲ</em></span> <span class='ocrx_word' id='word_1_98' title='bbox 270 784 335 810; x_wconf 88' lang='grc' dir='ltr'><em>τῶν</em></span> <span class='ocrx_word' id='word_1_99' title='bbox 363 777 424 819; x_wconf 72' lang='grc' dir='ltr'><em>μὲν</em></span> <span class='ocrx_word' id='word_1_100' title='bbox 450 777 649 819; x_wconf 82' lang='grc' dir='ltr'><em>Ἀβεννήρου</em></span> <span class='ocrx_word' id='word_1_101' title='bbox 678 783 886 819; x_wconf 76' lang='grc' dir='ltr'><em>στρατιωτῶν</em></span> <span class='ocrx_word' id='word_1_102' title='bbox 914 777 958 814; x_wconf 84' lang='grc' dir='ltr'><em>ὡς</em></span> <span class='ocrx_word' id='word_1_103' title='bbox 986 789 1075 817; x_wconf 82' lang='grc' dir='ltr'><em>τρια-</em></span> 
     </span>
     <span class='ocr_line' id='line_1_15' title="bbox 60 829 1076 872; baseline -0.002 -9"><span class='ocrx_word' id='word_1_104' title='bbox 60 833 165 863; x_wconf 85' lang='grc' dir='ltr'><em>κόσιοι</em></span> <span class='ocrx_word' id='word_1_105' title='bbox 190 831 244 863; x_wconf 81' lang='grc' dir='ltr'><em>καὶ</em></span> <span class='ocrx_word' id='word_1_106' title='bbox 269 831 438 872; x_wconf 77' lang='grc' dir='ltr'><em>ἑξήκοντα,</em></span> <span class='ocrx_word' id='word_1_107' title='bbox 467 836 533 862; x_wconf 84' lang='grc' dir='ltr'><em>τῶν</em></span> <span class='ocrx_word' id='word_1_108' title='bbox 558 829 593 862; x_wconf 75' lang='grc' dir='ltr'><em>δὲ</em></span> <span class='ocrx_word' id='word_1_109' title='bbox 617 831 770 862; x_wconf 85' lang='grc' dir='ltr'><em>Δαυίδου</em></span> <span class='ocrx_word' id='word_1_110' title='bbox 799 830 877 862; x_wconf 77' lang='grc' dir='ltr'><em>δέκα</em></span> <span class='ocrx_word' id='word_1_111' title='bbox 901 831 983 870; x_wconf 85' lang='grc' dir='ltr'><em>πρὸς</em></span> <span class='ocrx_word' id='word_1_112' title='bbox 1006 836 1076 867; x_wconf 78' lang='grc' dir='ltr'><em>τοῖς</em></span> 
     </span>
     <span class='ocr_line' id='line_1_16' title="bbox 21 880 1076 924; baseline -0.002 -8"><span class='ocrx_word' id='word_1_113' title='bbox 21 896 45 916; x_wconf 81' lang='lat'><em>15</em></span> <span class='ocrx_word' id='word_1_114' title='bbox 62 884 156 916; x_wconf 86' lang='grc' dir='ltr'><em>ἐννεά</em></span> <span class='ocrx_word' id='word_1_115' title='bbox 185 883 237 915; x_wconf 84' lang='grc' dir='ltr'><em>καὶ</em></span> <span class='ocrx_word' id='word_1_116' title='bbox 265 883 432 924; x_wconf 77' lang='grc' dir='ltr'><em>Ἀσάηλος·</em></span> <span class='ocrx_word' id='word_1_117' title='bbox 467 880 506 914; x_wconf 82' lang='grc' dir='ltr'><em>οὗ</em></span> <span class='ocrx_word' id='word_1_118' title='bbox 534 884 571 914; x_wconf 92' lang='grc' dir='ltr'><em>τὸ</em></span> <span class='ocrx_word' id='word_1_119' title='bbox 600 888 692 923; x_wconf 85' lang='grc' dir='ltr'><em>σῶμα</em></span> <span class='ocrx_word' id='word_1_120' title='bbox 723 884 916 924; x_wconf 85' lang='grc' dir='ltr'><em>κομίσαντες</em></span> <span class='ocrx_word' id='word_1_121' title='bbox 945 883 1076 914; x_wconf 80' lang='grc' dir='ltr'><em>ἐκεῖθεν</em></span> 
     </span>
     <span class='ocr_line' id='line_1_17' title="bbox 58 935 1077 978; baseline -0.001 -10"><span class='ocrx_word' id='word_1_122' title='bbox 58 937 188 978; x_wconf 83' lang='grc' dir='ltr'><em>Ἰώαβος</em></span> <span class='ocrx_word' id='word_1_123' title='bbox 211 935 263 967; x_wconf 83' lang='grc' dir='ltr'><em>καὶ</em></span> <span class='ocrx_word' id='word_1_124' title='bbox 282 935 468 977; x_wconf 77' lang='grc' dir='ltr'><em>Ἀβεσσαῖος</em></span> <span class='ocrx_word' id='word_1_125' title='bbox 492 936 539 973; x_wconf 83' lang='grc' dir='ltr'><em>εἰς</em></span> <span class='ocrx_word' id='word_1_126' title='bbox 561 935 757 976; x_wconf 76' lang='grc' dir='ltr'><em>Βηθλεέμην</em></span> <span class='ocrx_word' id='word_1_127' title='bbox 778 935 831 967; x_wconf 87' lang='grc' dir='ltr'><em>καὶ</em></span> <span class='ocrx_word' id='word_1_128' title='bbox 851 937 1020 974; x_wconf 77' lang='grc' dir='ltr'><em>θάψαντες</em></span> <span class='ocrx_word' id='word_1_129' title='bbox 1040 936 1077 967; x_wconf 77' lang='grc' dir='ltr'><em>ἐν</em></span> 
     </span>
     <span class='ocr_line' id='line_1_18' title="bbox 60 989 1076 1033; baseline 0 -12"><span class='ocrx_word' id='word_1_130' title='bbox 60 995 104 1033; x_wconf 64' lang='grc' dir='ltr'><em>τῷ</em></span> <span class='ocrx_word' id='word_1_131' title='bbox 128 989 265 1032; x_wconf 73' lang='grc' dir='ltr'><em>πατρῴῳ</em></span> <span class='ocrx_word' id='word_1_132' title='bbox 290 990 443 1030; x_wconf 82' lang='grc' dir='ltr'><em>μνήματι,</em></span> <span class='ocrx_word' id='word_1_133' title='bbox 467 990 549 1030; x_wconf 85' lang='grc' dir='ltr'><em>πρὸς</em></span> <span class='ocrx_word' id='word_1_134' title='bbox 567 990 722 1029; x_wconf 80' lang='grc' dir='ltr'><em>Δαυίδην</em></span> <span class='ocrx_word' id='word_1_135' title='bbox 746 990 793 1026; x_wconf 78' lang='grc' dir='ltr'><em>εἰς</em></span> <span class='ocrx_word' id='word_1_136' title='bbox 814 991 972 1031; x_wconf 87' lang='grc' dir='ltr'><em>Χεβρῶνα</em></span> <span class='ocrx_word' id='word_1_137' title='bbox 994 1001 1076 1030; x_wconf 85' lang='grc' dir='ltr'><em>παρ-</em></span> 
     </span>
     <span class='ocr_line' id='line_1_19' title="bbox 62 1039 1077 1084; baseline -0.001 -9"><span class='ocrx_word' id='word_1_138' title='bbox 62 1042 222 1083; x_wconf 80' lang='grc' dir='ltr'><em>εγένοντο.</em></span> <span class='ocrx_word' id='word_1_139' title='bbox 268 1043 353 1082; x_wconf 74' lang='grc'>&lt;20&gt;</span> <span class='ocrx_word' id='word_1_140' title='bbox 375 1042 492 1083; x_wconf 78' lang='grc' dir='ltr'><em>ἤρξατο</em></span> <span class='ocrx_word' id='word_1_141' title='bbox 513 1040 573 1083; x_wconf 72' lang='grc' dir='ltr'><em>μὲν</em></span> <span class='ocrx_word' id='word_1_142' title='bbox 593 1039 654 1073; x_wconf 83' lang='grc' dir='ltr'><em>οὗν</em></span> <span class='ocrx_word' id='word_1_143' title='bbox 675 1042 705 1080; x_wconf 79' lang='grc' dir='ltr'><em>ἐξ</em></span> <span class='ocrx_word' id='word_1_144' title='bbox 727 1041 855 1074; x_wconf 80' lang='grc' dir='ltr'><em>ἐκείνου</em></span> <span class='ocrx_word' id='word_1_145' title='bbox 874 1048 933 1074; x_wconf 88' lang='grc' dir='ltr'><em>τοῦ</em></span> <span class='ocrx_word' id='word_1_146' title='bbox 953 1044 1077 1084; x_wconf 90' lang='grc' dir='ltr'><em>χρόνου</em></span> 
     </span>
     <span class='ocr_line' id='line_1_20' title="bbox 61 1094 1077 1137; baseline -0.001 -9"><span class='ocrx_word' id='word_1_147' title='bbox 61 1102 130 1134; x_wconf 79' lang='grc' dir='ltr'><em>τοῖς</em></span> <span class='ocrx_word' id='word_1_148' title='bbox 153 1095 316 1137; x_wconf 81' lang='grc' dir='ltr'><em>Ἑβραίοις</em></span> <span class='ocrx_word' id='word_1_149' title='bbox 350 1095 509 1136; x_wconf 79' lang='grc' dir='ltr'><em>ἐμφύλιος</em></span> <span class='ocrx_word' id='word_1_150' title='bbox 541 1097 684 1136; x_wconf 87' lang='grc' dir='ltr'><em>πόλεμος</em></span> <span class='ocrx_word' id='word_1_151' title='bbox 715 1095 766 1126; x_wconf 82' lang='grc' dir='ltr'><em>καὶ</em></span> <span class='ocrx_word' id='word_1_152' title='bbox 804 1094 968 1136; x_wconf 70' lang='grc' dir='ltr'><em>διέμεινεν</em></span> <span class='ocrx_word' id='word_1_153' title='bbox 1002 1097 1077 1137; x_wconf 77' lang='grc' dir='ltr'><em>ἄχρι</em></span> 
     </span>
     <span class='ocr_line' id='line_1_21' title="bbox 21 1146 1077 1189; baseline 0 -9"><span class='ocrx_word' id='word_1_154' title='bbox 21 1159 48 1179; x_wconf 70' lang='lat'><em>8⁰</em></span> <span class='ocrx_word' id='word_1_155' title='bbox 61 1151 201 1187; x_wconf 82' lang='grc' dir='ltr'><em>πολλοῦ,</em></span> <span class='ocrx_word' id='word_1_156' title='bbox 230 1154 296 1180; x_wconf 88' lang='grc' dir='ltr'><em>τῶν</em></span> <span class='ocrx_word' id='word_1_157' title='bbox 319 1146 379 1189; x_wconf 70' lang='grc' dir='ltr'><em>μὲν</em></span> <span class='ocrx_word' id='word_1_158' title='bbox 403 1149 482 1188; x_wconf 79' lang='grc' dir='ltr'><em>μετὰ</em></span> <span class='ocrx_word' id='word_1_159' title='bbox 506 1149 659 1179; x_wconf 84' lang='grc' dir='ltr'><em>Δαυίδου</em></span> <span class='ocrx_word' id='word_1_160' title='bbox 687 1149 886 1189; x_wconf 83' lang='grc' dir='ltr'><em>κρειττόνων</em></span> <span class='ocrx_word' id='word_1_161' title='bbox 912 1148 961 1179; x_wconf 75' lang='grc' dir='ltr'><em>ἀεὶ</em></span> <span class='ocrx_word' id='word_1_162' title='bbox 988 1161 1077 1189; x_wconf 78' lang='grc' dir='ltr'><em>γινο·</em></span> 
     </span>
     <span class='ocr_line' id='line_1_22' title="bbox 62 1200 1077 1243; baseline 0.001 -11"><span class='ocrx_word' id='word_1_163' title='bbox 62 1201 170 1243; x_wconf 79' lang='grc' dir='ltr'><em>μένων</em></span> <span class='ocrx_word' id='word_1_164' title='bbox 198 1200 251 1232; x_wconf 84' lang='grc' dir='ltr'><em>καὶ</em></span> <span class='ocrx_word' id='word_1_165' title='bbox 279 1204 394 1232; x_wconf 83' lang='grc' dir='ltr'><em>πλεῖον</em></span> <span class='ocrx_word' id='word_1_166' title='bbox 424 1201 459 1232; x_wconf 84' lang='grc' dir='ltr'><em>ἐν</em></span> <span class='ocrx_word' id='word_1_167' title='bbox 487 1207 556 1238; x_wconf 83' lang='grc' dir='ltr'><em>τοῖς</em></span> <span class='ocrx_word' id='word_1_168' title='bbox 583 1202 753 1238; x_wconf 85' lang='grc' dir='ltr'><em>κινδύνοις</em></span> <span class='ocrx_word' id='word_1_169' title='bbox 779 1201 988 1242; x_wconf 74' lang='grc' dir='ltr'><em>φερομένων,</em></span> <span class='ocrx_word' id='word_1_170' title='bbox 1017 1207 1077 1233; x_wconf 87' lang='grc' dir='ltr'><em>τοῦ</em></span> 
     </span>
     <span class='ocr_line' id='line_1_23' title="bbox 64 1253 1078 1294; baseline 0 -8"><span class='ocrx_word' id='word_1_171' title='bbox 64 1253 99 1286; x_wconf 76' lang='grc' dir='ltr'><em>δὲ</em></span> <span class='ocrx_word' id='word_1_172' title='bbox 125 1254 279 1285; x_wconf 82' lang='grc' dir='ltr'><em>Σαούλου</em></span> <span class='ocrx_word' id='word_1_173' title='bbox 303 1255 421 1291; x_wconf 85' lang='grc' dir='ltr'><em>παιδὸς</em></span> <span class='ocrx_word' id='word_1_174' title='bbox 444 1253 497 1285; x_wconf 85' lang='grc' dir='ltr'><em>καὶ</em></span> <span class='ocrx_word' id='word_1_175' title='bbox 522 1260 588 1285; x_wconf 89' lang='grc' dir='ltr'><em>τῶν</em></span> <span class='ocrx_word' id='word_1_176' title='bbox 612 1255 766 1294; x_wconf 77' lang='grc' dir='ltr'><em>ὑπηκόων</em></span> <span class='ocrx_word' id='word_1_177' title='bbox 790 1254 892 1286; x_wconf 79' lang='grc' dir='ltr'><em>αὐτοῦ</em></span> <span class='ocrx_word' id='word_1_178' title='bbox 916 1255 998 1286; x_wconf 76' lang='grc' dir='ltr'><em>κατὰ</em></span> <span class='ocrx_word' id='word_1_179' title='bbox 1018 1260 1078 1286; x_wconf 82' lang='grc' dir='ltr'><em>πᾶ-</em></span> 
     </span>
     <span class='ocr_line' id='line_1_24' title="bbox 64 1306 696 1348; baseline -0.002 -10"><span class='ocrx_word' id='word_1_180' title='bbox 64 1316 126 1339; x_wconf 92' lang='grc' dir='ltr'><em>σαν</em></span> <span class='ocrx_word' id='word_1_181' title='bbox 151 1307 269 1348; x_wconf 84' lang='grc' dir='ltr'><em>σχεδὸν</em></span> <span class='ocrx_word' id='word_1_182' title='bbox 292 1306 416 1347; x_wconf 79' lang='grc' dir='ltr'><em>ἡμέραν</em></span> <span class='ocrx_word' id='word_1_183' title='bbox 441 1306 696 1347; x_wconf 77' lang='grc' dir='ltr'><em>ἐλαττουμένων.</em></span> 
     </span>
     <span class='ocr_line' id='line_1_25' title="bbox 129 1357 1078 1400; baseline 0.001 -10"><span class='ocrx_word' id='word_1_184' title='bbox 129 1360 215 1400; x_wconf 74' lang='lat'>&lt;⁶21&gt;</span> <span class='ocrx_word' id='word_1_185' title='bbox 231 1358 384 1399; x_wconf 80' lang='grc' dir='ltr'><em>ἐγένοντο</em></span> <span class='ocrx_word' id='word_1_186' title='bbox 404 1357 439 1390; x_wconf 77' lang='grc' dir='ltr'><em>δὲ</em></span> <span class='ocrx_word' id='word_1_187' title='bbox 458 1360 539 1390; x_wconf 81' lang='grc' dir='ltr'><em>κατὰ</em></span> <span class='ocrx_word' id='word_1_188' title='bbox 554 1363 672 1390; x_wconf 87' lang='grc' dir='ltr'><em>τοῦτον</em></span> <span class='ocrx_word' id='word_1_189' title='bbox 691 1360 749 1390; x_wconf 86' lang='grc' dir='ltr'><em>τὸν</em></span> <span class='ocrx_word' id='word_1_190' title='bbox 764 1361 880 1400; x_wconf 86' lang='grc' dir='ltr'><em>καιρὸν</em></span> <span class='ocrx_word' id='word_1_191' title='bbox 895 1359 945 1390; x_wconf 78' lang='grc' dir='ltr'><em>καὶ</em></span> <span class='ocrx_word' id='word_1_192' title='bbox 963 1361 1078 1397; x_wconf 83' lang='grc' dir='ltr'><em>παῖδες</em></span> 
     </span>
     <span class='ocr_line' id='line_1_26' title="bbox 24 1410 1078 1454; baseline 0.001 -11"><span class='ocrx_word' id='word_1_193' title='bbox 24 1424 49 1443; x_wconf 77' lang='lat'><em>25</em></span> <span class='ocrx_word' id='word_1_194' title='bbox 65 1414 196 1454; x_wconf 80' lang='grc' dir='ltr'><em>Δαυίδῃ</em></span> <span class='ocrx_word' id='word_1_195' title='bbox 220 1413 278 1444; x_wconf 87' lang='grc' dir='ltr'><em>τὸν</em></span> <span class='ocrx_word' id='word_1_196' title='bbox 302 1412 448 1453; x_wconf 72' lang='grc' dir='ltr'><em>ἀριθμὸν</em></span> <span class='ocrx_word' id='word_1_197' title='bbox 471 1412 504 1450; x_wconf 74' lang='grc' dir='ltr'><em>ἓξ</em></span> <span class='ocrx_word' id='word_1_198' title='bbox 530 1411 563 1443; x_wconf 83' lang='grc' dir='ltr'><em>ἐκ</em></span> <span class='ocrx_word' id='word_1_199' title='bbox 589 1418 756 1452; x_wconf 85' lang='grc' dir='ltr'><em>γυναικῶν</em></span> <span class='ocrx_word' id='word_1_200' title='bbox 782 1413 960 1444; x_wconf 86' lang='grc' dir='ltr'><em>τοσούτων·</em></span> <span class='ocrx_word' id='word_1_201' title='bbox 990 1410 1037 1444; x_wconf 83' lang='grc' dir='ltr'><em>ὧν</em></span> <span class='ocrx_word' id='word_1_202' title='bbox 1061 1413 1078 1444; x_wconf 85' lang='grc' dir='ltr'>ὁ</span> 
     </span>
     <span class='ocr_line' id='line_1_27' title="bbox 66 1464 1080 1508; baseline -0.002 -10"><span class='ocrx_word' id='word_1_203' title='bbox 66 1465 125 1508; x_wconf 69' lang='grc' dir='ltr'><em>μὲν</em></span> <span class='ocrx_word' id='word_1_204' title='bbox 148 1466 370 1507; x_wconf 82' lang='grc' dir='ltr'><em>πρεσβύτατος</em></span> <span class='ocrx_word' id='word_1_205' title='bbox 399 1464 433 1496; x_wconf 82' lang='grc' dir='ltr'><em>ἐκ</em></span> <span class='ocrx_word' id='word_1_206' title='bbox 457 1465 578 1505; x_wconf 84' lang='grc' dir='ltr'><em>μητρὸς</em></span> <span class='ocrx_word' id='word_1_207' title='bbox 599 1464 727 1506; x_wconf 82' lang='grc' dir='ltr'><em>Ἀχινᾶς</em></span> <span class='ocrx_word' id='word_1_208' title='bbox 755 1466 931 1506; x_wconf 85' lang='grc' dir='ltr'><em>γενόμενος</em></span> <span class='ocrx_word' id='word_1_209' title='bbox 953 1464 1080 1506; x_wconf 86' lang='grc' dir='ltr'><em>Ἀμνῶν</em></span> 
     </span>
     <span class='ocr_line' id='line_1_28' title="bbox 67 1516 1079 1559; baseline -0.002 -8"><span class='ocrx_word' id='word_1_210' title='bbox 67 1519 200 1559; x_wconf 83' lang='grc' dir='ltr'><em>ἐκλήθη,</em></span> <span class='ocrx_word' id='word_1_211' title='bbox 224 1518 241 1550; x_wconf 86' lang='grc' dir='ltr'><strong>ὀ</strong></span> <span class='ocrx_word' id='word_1_212' title='bbox 262 1516 297 1549; x_wconf 73' lang='grc' dir='ltr'><em>δὲ</em></span> <span class='ocrx_word' id='word_1_213' title='bbox 318 1518 471 1559; x_wconf 87' lang='grc' dir='ltr'><em>δεύτερος</em></span> <span class='ocrx_word' id='word_1_214' title='bbox 491 1517 525 1548; x_wconf 83' lang='grc' dir='ltr'><em>ἐκ</em></span> <span class='ocrx_word' id='word_1_215' title='bbox 545 1519 700 1558; x_wconf 83' lang='grc' dir='ltr'><em>γυναικὸς</em></span> <span class='ocrx_word' id='word_1_216' title='bbox 718 1516 883 1558; x_wconf 80' lang='grc' dir='ltr'><em>Ἀβιγαίας</em></span> <span class='ocrx_word' id='word_1_217' title='bbox 902 1520 1079 1558; x_wconf 83' lang='grc' dir='ltr'><em>Δανίηλος.</em></span> 
     </span>
     <span class='ocr_line' id='line_1_29' title="bbox 66 1571 1080 1615; baseline -0.001 -12"><span class='ocrx_word' id='word_1_218' title='bbox 66 1577 110 1615; x_wconf 75' lang='grc' dir='ltr'><em>τῷ</em></span> <span class='ocrx_word' id='word_1_219' title='bbox 142 1573 238 1614; x_wconf 76' lang='grc' dir='ltr'><em>τρίτῳ</em></span> <span class='ocrx_word' id='word_1_220' title='bbox 274 1571 303 1602; x_wconf 86' lang='grc' dir='ltr'><em>δ’</em></span> <span class='ocrx_word' id='word_1_221' title='bbox 338 1571 371 1602; x_wconf 82' lang='grc' dir='ltr'><em>ἐκ</em></span> <span class='ocrx_word' id='word_1_222' title='bbox 405 1576 462 1611; x_wconf 84' lang='grc' dir='ltr'><em>τῆς</em></span> <span class='ocrx_word' id='word_1_223' title='bbox 497 1572 685 1612; x_wconf 82' lang='grc' dir='ltr'><em>Θολομαίου</em></span> <span class='ocrx_word' id='word_1_224' title='bbox 719 1572 887 1612; x_wconf 80' lang='grc' dir='ltr'><em>θυγατρὸς</em></span> <span class='ocrx_word' id='word_1_225' title='bbox 915 1571 1080 1613; x_wconf 80' lang='grc' dir='ltr'><em>Μαχάμης</em></span> 
     </span>
     <span class='ocr_line' id='line_1_30' title="bbox 68 1623 1081 1665; baseline 0 -9"><span class='ocrx_word' id='word_1_226' title='bbox 68 1625 167 1665; x_wconf 86' lang='grc' dir='ltr'><em>φύντι</em></span> <span class='ocrx_word' id='word_1_227' title='bbox 187 1629 245 1656; x_wconf 88' lang='grc' dir='ltr'><em>τοῦ</em></span> <span class='ocrx_word' id='word_1_228' title='bbox 267 1625 442 1665; x_wconf 80' lang='grc' dir='ltr'><em>Γεσσηρῶν</em></span> <span class='ocrx_word' id='word_1_229' title='bbox 462 1623 621 1664; x_wconf 74' lang='grc' dir='ltr'><em>βασιλέως</em></span> <span class='ocrx_word' id='word_1_230' title='bbox 638 1623 861 1665; x_wconf 79' lang='grc' dir='ltr'><em>Ἀβεσάλωμος</em></span> <span class='ocrx_word' id='word_1_231' title='bbox 880 1625 997 1665; x_wconf 80' lang='grc' dir='ltr'><em>ὄνομα·</em></span> <span class='ocrx_word' id='word_1_232' title='bbox 1021 1625 1081 1656; x_wconf 89' lang='grc' dir='ltr'><em>τὸν</em></span> 
     </span>
     <span class='ocr_line' id='line_1_31' title="bbox 0 1675 1081 1719; baseline 0.003 -13"><span class='ocrx_word' id='word_1_233' title='bbox 0 1700 1 1706; x_wconf 66' lang='grc'><em>,</em></span> <span class='ocrx_word' id='word_1_234' title='bbox 28 1686 54 1705; x_wconf 80' lang='grc' dir='ltr'><em>3ο</em></span> <span class='ocrx_word' id='word_1_235' title='bbox 69 1675 104 1708; x_wconf 73' lang='grc' dir='ltr'><em>δὲ</em></span> <span class='ocrx_word' id='word_1_236' title='bbox 133 1677 287 1718; x_wconf 82' lang='grc' dir='ltr'><em>τέταρτον</em></span> <span class='ocrx_word' id='word_1_237' title='bbox 308 1676 469 1708; x_wconf 86' lang='grc' dir='ltr'><em>Ἀδωνίαν</em></span> <span class='ocrx_word' id='word_1_238' title='bbox 498 1676 532 1708; x_wconf 84' lang='grc' dir='ltr'><em>ἐκ</em></span> <span class='ocrx_word' id='word_1_239' title='bbox 555 1678 713 1717; x_wconf 83' lang='grc' dir='ltr'><em>γυναικὸς</em></span> <span class='ocrx_word' id='word_1_240' title='bbox 734 1676 889 1718; x_wconf 84' lang='grc' dir='ltr'><em>Ἀγγίθης</em></span> <span class='ocrx_word' id='word_1_241' title='bbox 917 1679 1081 1719; x_wconf 80' lang='grc' dir='ltr'><em>προσηγό-</em></span> 
     </span>
     <span class='ocr_line' id='line_1_32' title="bbox 141 1737 981 1770; baseline 0.004 -8"><span class='ocrx_word' id='word_1_242' title='bbox 141 1740 155 1769; x_wconf 65' lang='grc' dir='ltr'>ξ</span> <span class='ocrx_word' id='word_1_243' title='bbox 178 1740 208 1763; x_wconf 86' lang='grc'><em>17</em></span> <span class='ocrx_word' id='word_1_244' title='bbox 230 1751 262 1759; x_wconf 91' lang='lat'><strong><em>=</em></strong></span> <span class='ocrx_word' id='word_1_245' title='bbox 282 1740 296 1763; x_wconf 68' lang='grc' dir='ltr'>Ξ</span> <span class='ocrx_word' id='word_1_246' title='bbox 317 1737 384 1770; x_wconf 73' lang='lat' dir='ltr'>Reg.</span> <span class='ocrx_word' id='word_1_247' title='bbox 406 1737 430 1762; x_wconf 79' lang='grc' dir='ltr'>Π</span> <span class='ocrx_word' id='word_1_248' title='bbox 446 1740 487 1764; x_wconf 79' lang='lat'><em>26.</em></span> <span class='ocrx_word' id='word_1_249' title='bbox 562 1740 575 1768; x_wconf 67' lang='grc' dir='ltr'>ξ</span> <span class='ocrx_word' id='word_1_250' title='bbox 596 1740 627 1763; x_wconf 70' lang='grc'><em>’21</em></span> <span class='ocrx_word' id='word_1_251' title='bbox 650 1751 682 1760; x_wconf 89' lang='lat'><em>==</em></span> <span class='ocrx_word' id='word_1_252' title='bbox 705 1741 716 1764; x_wconf 88' lang='lat' dir='ltr'>l</span> <span class='ocrx_word' id='word_1_253' title='bbox 738 1738 829 1764; x_wconf 73' lang='lat' dir='ltr'>paral.</span> <span class='ocrx_word' id='word_1_254' title='bbox 850 1738 981 1766; x_wconf 66' lang='lat'>1112—4.</span> 
     </span>
    </p>
   </div>
   <div class='ocr_carea' id='block_1_3' title="bbox 0 0 31 1917">
    <p class='ocr_par' dir='ltr' id='par_1_3' title="bbox 0 0 31 1917">
     <span class='ocr_line' id='line_1_33' title="bbox 0 0 31 1917; baseline 0 0"><span class='ocrx_word' id='word_1_255' title='bbox 0 0 31 1917; x_wconf 95' lang='lat' dir='ltr'><em> </em></span> 
     </span>
    </p>
   </div>
  </div>
 </body>
</html>
