1261 1917
166 105 229 136 198
531 106 801 132 ΑΡΧΑΙΟΛΟΓΙΑΣ

166 187 231 223 ζειν
260 185 452 227 ἐπιστήμην,
485 184 543 227 ὑφ’
575 184 622 218 ὧν
650 186 821 228 ἐπεποίητο
851 186 972 228 ὁένὸρα
1003 185 1055 218 καὶ
1085 187 1173 227 φυτὰ

164 244 318 279 παντοῖα,
347 239 463 270 σύσκια
492 245 561 277 τοῖς
588 239 722 277 κλάδοις
749 239 802 271 καὶ
831 246 900 278 τοῖς
924 239 1173 282 ἐκκρεμαμένοις

165 290 275 322 αὐτῶν
298 291 459 331 πετάλοις,
483 291 527 329 ὡς
550 291 707 324 ὑπονοεῖν
731 292 813 324 αὐτὰ
834 292 887 324 καὶ
908 293 1103 324 σαλεύεσθαι
1126 291 1169 324 δι’

164 344 352 385 ὑπερβολὴν
389 346 597 385 λεπτότητος,
634 345 840 377 καλύπτοντα
877 346 935 377 τὸν
969 344 1026 377 ὑπ’
1062 346 1174 383 αὐτοῖς

165 399 273 428 λίθον.
319 397 436 438 <137>
464 399 500 429 τὸ
527 396 556 429 δ’
583 399 662 429 ἄλλο
691 397 784 439 μέχρι
812 402 869 438 τῆς
897 397 1012 439 στέγης
1039 399 1173 439 χριστὸν

163 447 205 490 ἧν
228 449 282 481 καὶ
301 449 636 491 καταπεποικιλμένον
655 451 800 492 χρώμασι
823 450 875 482 καὶ
896 453 1027 492 βαφαῖς.
1073 460 1173 493 προσ-

163 504 378 534 κατεσκεύασε
411 502 447 534 δὲ
479 504 561 545 πρὸς
588 504 717 541 τούτοις
749 504 831 535 ἄλλα
863 515 897 535 τε
929 505 1011 545 πρὸς
1042 504 1173 546 τρυφὴν

165 556 323 596 οἰκήματα
346 554 399 586 καὶ
424 556 464 596 δὴ
488 555 541 587 καὶ
567 557 663 593 στοὰς
686 558 842 597 μηκίστας
865 556 918 588 καὶ
943 557 979 588 ἐν
1000 560 1088 600 καλῷ
1107 563 1174 589 τῶν

165 609 341 648 βασιλείων
377 607 541 649 κειμένας,
579 609 615 640 ἐν
652 605 703 646 αἶς
739 611 966 651 λαμπρότατον
1004 608 1095 642 οἷκον
1129 611 1175 647 εἰς

165 659 325 698 ἑστιάσεις
347 660 401 692 καὶ
421 663 596 702 συμπόσια,
619 667 743 703 χρυσοῦ
762 664 955 704 περίπλεων.
995 662 1049 694 καὶ
1073 660 1174 694 τᾶλλα

167 713 217 751 δέ,
247 714 307 745 ὅσα
335 718 454 745 τοῦτον
483 715 569 755 ἔχειν
598 715 663 746 ἔδει
691 716 773 757 πρὸς
796 715 856 756 τὴν
879 721 945 747 τῶν
970 714 1175 756 ἑστιωμένων

165 766 358 807 ὑπηρεσίαν,
373 767 471 807 σκεύη
486 766 580 798 πάντ’
600 766 634 798 ἐκ
647 772 771 809 χρυσοῦ
783 769 1028 800 κατεσκεύαστο.
1067 769 1175 808 <138>

167 820 330 851 δύσκολον
354 818 383 850 δ’
407 819 474 851 ἐστὶ
493 821 804 861 καταριθμήσασθαι
824 820 878 852 καὶ
898 821 1119 862 διηγήσασθαι
1138 822 1175 853 τὸ

165 871 306 913 μέγεθος
329 872 380 903 καὶ
407 873 467 913 τὴν
485 875 652 905 ποικιλίαν
672 879 738 905 τῶν
761 876 948 915 βασιλείων,
972 874 1032 906 ὅσα
1055 872 1116 916 μὲν
1134 871 1176 914 ἧν

166 925 278 962 αὐτοῖς
301 925 339 956 τὰ
363 924 498 966 μέγιστα
523 927 691 967 οἰκήματα,
714 928 799 958 πόσα
823 925 859 958 δὲ
883 927 922 958 τὰ
945 928 1072 958 τούτων
1095 927 1176 958 ὑπο-

166 977 332 1019 δεέστερα,
364 977 418 1009 καὶ
451 981 535 1010 πόσα
568 980 705 1019 ὑπόγεια
732 979 785 1010 καὶ
814 979 940 1021 ἀφανῆ,
974 981 1010 1011 τό
1043 991 1077 1011 τε
1109 985 1176 1011 τῶν

166 1030 349 1072 ἀνειμένων
372 1033 419 1069 εἰς
442 1031 521 1073 ἀέρα
544 1033 663 1069 κάλλος
686 1032 739 1064 καὶ
763 1033 802 1064 τὰ
825 1033 908 1073 ἄλση
929 1034 1011 1074 πρὸς
1029 1034 1176 1074 θεωρίαν

166 1082 439 1125 ἐπιτερπεστάτην
458 1084 511 1116 καὶ
531 1084 654 1126 θέρους
672 1085 850 1126 ὑποφυγὴν
873 1084 927 1116 καὶ
949 1084 1071 1125 σκέπην
1091 1083 1175 1116 εἶναι

165 1142 235 1174 τοῖς
255 1137 410 1178 σώμασιν.
457 1138 564 1178 <139>
586 1137 620 1169 ἐν
639 1139 806 1181 κεφαλαίῳ
827 1137 856 1169 δ’
879 1139 993 1178 εἰπεῖν,
1016 1138 1076 1178 τὴν
1096 1138 1176 1178 ὅλην
1201 1147 1207 1152 “
1251 1167 1253 1175 ,

167 1190 359 1230 οἰκοδομίαν
393 1189 427 1220 ἐκ
459 1191 560 1221 λίθου
588 1193 707 1221 λευκοῦ
735 1190 788 1221 καὶ
817 1190 937 1232 κέδρου
969 1189 1023 1221 καὶ
1051 1195 1202 1231 χρυσοῦ-

166 1241 217 1273 καῖ
244 1242 392 1284 ἀργύρου
415 1247 523 1274 πᾶσαν
547 1242 731 1283 ἐποιήσατο,
754 1245 832 1281 τοὺς
855 1243 1000 1285 ὀρόφους
1023 1242 1076 1275 καὶ
1100 1244 1177 1280 τοὺς

166 1297 298 1336 τοίχους
316 1301 385 1332 τοῖς
406 1295 643 1336 ἐγκλειομένοις
662 1301 771 1339 χρυσῷ
796 1298 905 1333 λίθοις
924 1297 1100 1333 διανθίσας
1118 1297 1176 1327 τὸν

168 1347 269 1379 αὐτὸν
292 1349 415 1389 τρόπον
439 1348 483 1385 ὡς
507 1347 559 1379 καὶ
584 1350 642 1380 τὸν
666 1353 724 1380 τοῦ
749 1352 832 1380 θεοῦ
852 1350 935 1380 ναὸν
955 1349 1084 1386 τούτοις
1102 1360 1176 1379 κατ-

167 1401 332 1440 ηγλάισεν.
379 1402 496 1442 <14Ο>
521 1402 693 1443 εἰργάσατο
723 1401 752 1432 ὁ’
784 1401 814 1440 ἐξ
845 1401 1021 1442 ἐλέφαντος
1049 1401 1176 1442 θρόνον

167 1453 477 1494 παμμεγεθέστατον
506 1453 541 1486 έν
568 1459 750 1496 κατασκευῇ
778 1456 935 1496 βήματος,
967 1455 1083 1494 ἔχοντα
1116 1451 1176 1494 μὲν

168 1506 201 1544 ἓξ
226 1506 451 1548 ἀναβαθμούς,
475 1506 597 1550 ἑκάστῳ
623 1506 659 1538 δὲ
682 1508 808 1538 τούτων
832 1507 863 1545 ἐξ
884 1506 1038 1547 ἑκατέρου
1057 1505 1177 1547 μέρους

169 1560 230 1590 δύο
263 1559 393 1597 λέοντες
424 1560 671 1600 ἐφειστήκεσαν,
704 1561 871 1591 τοσούτων
903 1560 1035 1590 ἄνωθεν
1068 1559 1177 1590 ἄλλων

168 1613 393 1652 παρεστώτων.
439 1614 475 1644 τὸ
501 1611 530 1643 δ’
553 1611 711 1652 ἐνήλατον
734 1617 793 1643 τοῦ
816 1613 944 1652 θρόνου
965 1617 1070 1652 χεῖρες
1093 1609 1177 1651 ἦσαν

169 1665 341 1705 δεχόμεναι
365 1666 423 1697 τὸν
442 1664 586 1706 βασιλέα.
628 1664 814 1697 ἀνεκέκλιτο
835 1663 864 1696 δ’
887 1665 933 1702 εἰς
956 1665 1080 1705 μόσχου
1098 1675 1177 1705 προ·

240 1736 254 1764 ξ
272 1736 320 1759 136
342 1747 374 1756 =
394 1737 409 1761 3
425 1734 557 1767 Reg.V11
575 1737 613 1761 12.
688 1737 701 1765 ς
719 1737 768 1760 140
789 1747 820 1755 =
841 1736 855 1759 3
872 1733 939 1766 Reg.
954 1733 1035 1765 {1183
1056 1736 1070 1759 2
1086 1732 1176 1759 Paral.

168 1777 206 1803 IX
223 1781 262 1804 17.
