1261 1917
130 93 170 124 22
495 95 766 120 ΑΡΧΑΙΟΛΟΓῙΑΣ

127 180 251 214 γνῶναι
279 173 353 215 περὶ
382 175 507 206 τούτων
530 175 642 212 αὐτοῖς
669 174 722 206 καὶ
748 177 889 215 πείσειν,
917 176 1135 216 συνεβούλευε

127 226 239 267 μέντοι
268 228 416 264 δικαίους
445 226 528 259 εἶναι
556 228 609 259 καὶ
639 228 800 268 ἀγαθούς,
834 227 887 259 καὶ
916 229 1135 269 μνημονεύειν

127 278 176 310 ἀεὶ
200 285 266 311 τῶν
290 280 344 311 διὰ
368 281 428 321 τὴν
452 281 638 322 παράβασιν
661 285 718 321 τῆς
746 281 862 321 ἀρετῆς
890 281 1001 318 αὐτοῖς
1026 287 1135 312 κακῶν

127 334 359 373 συμπεσόντων
382 332 435 364 καὶ
455 339 521 364 τῶν
541 335 683 374 σημείων
702 338 761 364 τοῦ
781 336 863 364 θεοῦ
885 332 937 364 καὶ
958 338 1014 374 τῆς
1033 335 1135 364 Μωυ-

127 384 200 422 σεός
224 388 432 426 νομοθεσίας,
457 387 486 417 εἰ
509 388 670 427 σωτηρίας
694 386 806 423 αὐτοῖς
829 385 881 417 καὶ
902 391 959 427 τῆς
978 387 1056 427 μετὰ
1075 391 1134 417 τοῦ
1148 395 1160 414 5

126 438 285 478 βασιλέως
305 439 515 480 εὐδαιμονίας
536 441 623 470 ἔστιν
644 439 811 480 ἐπιθυμία.
852 439 937 478 <94>
959 440 988 470 εἰ
1007 437 1041 469 δὲ
1062 439 1135 470 τού-

125 502 192 521 των
216 491 446 531 ἀμελήσουσιν,
471 493 581 531 ἔλεγεν
605 492 694 532 ἥξειν
718 492 829 529 αὐτοῖς
852 503 886 522 τε
908 490 961 522 καὶ
981 496 1024 534 τῷ
1044 493 1135 532 βασι-

127 546 178 574 λεῖ
199 544 343 584 μεγάλην
368 544 402 575 ἐκ
425 547 508 576 θεοῦ
533 546 670 585 πληγήν.

192 596 245 627 καὶ
271 597 287 628 ὁ
310 598 506 637 Σαμούηλος
530 596 589 638 μὲν
613 602 713 628 ταῦτα
737 603 806 634 τοῖς
821 596 985 638 Ἑβραίοις
1008 608 1135 637 προφη-

126 649 242 686 τεύσας
270 649 432 681 ἀπέλυσεν
460 650 580 687 αὐτοὺς
609 649 665 691 ἑπὶξ
687 651 726 681 τὰ
750 651 867 689 οἰκεῖα,
896 650 1077 690 βεβαιώσας
1102 649 1135 680 ἐκ
1151 659 1175 677 10

86 699 105 730 6
126 701 282 742 δευτέρου
311 707 354 744 τῷ
384 703 523 745 Σαούλῳ
557 703 616 742 τὴν
644 704 827 743 βασιλείαν·
860 702 945 742 <95>
974 700 1069 739 οὗτος
1102 701 1131 733 δ’

127 753 273 792 ἐπιλέξας
293 754 327 786 ἐκ
346 759 403 786 τοῦ
423 756 574 795 πλήθους
593 755 636 792 ὡς
656 755 729 796 περὶ
749 757 959 795 τρισχιλίους,
980 756 1057 791 τοὺς
1076 753 1135 795 μὲν

127 808 308 848 δισχιλίους
337 808 418 838 ὥστε
446 811 738 849 σωματοφυλακεῖν
769 808 871 839 αὐτὸν
899 808 1009 848 λαβὼν
1038 807 1135 844 αὐτὸς

127 859 290 900 διέτριβεν
310 859 345 891 ἐν
364 862 455 891 πόλει
477 861 650 900 Βεθήλοις,
670 859 809 901 Ἰωνάθῃ
829 858 864 891 δε
884 865 927 902 τῷ
947 859 1038 891 παιδὶ
1059 861 1135 896 τοὺς

127 914 262 950 λοιποὺς
290 914 368 950 δοὺς
397 913 477 944 ὥστε
506 916 798 954 σωματοφυλακεῖν
827 913 927 944 αὐτὸν
956 914 1002 949 είς
1027 913 1135 953 Γαβάς
1151 922 1174 941 15

127 966 277 1006 ἔπεμψεν.
324 966 340 997 ὃ
370 965 399 996 δ’
427 965 631 1007 ἐκπολιορκεῖ
657 978 686 996 τι
721 966 884 1006 φρούριον
915 971 980 996 τῶν
1010 967 1135 996 Παλαι-

126 1024 247 1049 στινῶν
271 1019 310 1050 οὐ
334 1020 445 1059 πόρρω
472 1019 659 1058 Γαλγάλων.
702 1020 787 1058 (06)
809 1019 842 1049 οἱ
864 1019 925 1059 γὰρ
950 1022 1006 1058 τῆς
1027 1019 1135 1058 Γαβᾶς

126 1070 343 1102 Παλαιστινοὶ
367 1071 673 1112 ζκαταστρεφόμενοι
709 1072 786 1107 τοὺς
816 1069 997 1107 Ἰουδαίους
1029 1070 1068 1101 τά
1097 1069 1131 1101 θ’

126 1124 209 1155 ὅπλα
242 1124 361 1161 αὐτοὺς
393 1124 597 1165 ἀφῃροῦντο,
631 1122 683 1154 καὶ
718 1125 794 1160 τοὺς
824 1123 1051 1164 ὀχυρωτάτους
1078 1127 1135 1163 τῆς

124 1177 231 1218 χώρας
256 1179 376 1214 τόπους
405 1183 567 1217 φρουραῖς
594 1177 892 1217 κατελαμβάνοντο,
920 1175 973 1206 καὶ
1003 1176 1134 1217 σιδηρο-
1149 1185 1174 1203 20

125 1235 242 1270 φορεῖν
266 1232 413 1271 χρῆσθαί
434 1241 467 1260 τε
491 1229 642 1267 καθάπαξ
666 1229 873 1269 ἀπηγόρευον
902 1229 1034 1271 σιδήρῳ.
1080 1227 1133 1259 καὶ

126 1283 180 1313 διὰ
199 1283 321 1323 ταύτην
340 1283 400 1322 τὴν
420 1282 603 1323 ἀπόρρησιν
622 1283 656 1313 οἶ
674 1284 822 1323 γεωργοί,
845 1284 877 1312 εἴ
892 1292 969 1312 ποτε
989 1282 1135 1321 δεήσειεν

125 1335 245 1371 αὐτοὺς
265 1334 473 1366 ἐπισκευάσαι
498 1347 527 1366 τι
548 1340 614 1366 τῶν
635 1334 822 1375 ἐργαλείων,
848 1333 865 1374 ἢ
885 1334 961 1365 ὕνιν
981 1333 999 1374 ἣ
1019 1334 1134 1374 μάκελ-

125 1390 186 1418 λαν
210 1387 229 1427 ἢ
254 1388 333 1419 ἄλλο
357 1399 387 1418 τι
412 1393 477 1419 τῶν
502 1389 547 1424 εἰς
571 1389 733 1428 γεωργίαν
754 1389 932 1428 χρησίμων,
956 1392 1134 1427 φοιτῶντες

124 1441 212 1481 παρὰ
236 1442 312 1478 τοὺς
332 1442 576 1478 Παλαιστινοὺς
600 1439 690 1471 ταῦτ’
714 1441 880 1480 ἔπραττον.
923 1440 1008 1479 <97>
1034 1439 1077 1475 ὡς
1101 1438 1131 1469 δ’
1149 1447 1173 1466 25

126 1493 275 1533 ἠκούσθη
300 1499 368 1530 τοῖς
393 1496 629 1530 Παλαιστινοῖς
656 1493 675 1532 ἡ
704 1497 760 1532 τῆς
784 1496 932 1532 φρουρᾶς
950 1490 1133 1533 Ῐάναίρεσις,

126 1545 407 1586 ἀγανακτήσαντες
430 1557 463 1577 τε
487 1544 539 1576 καὶ
560 1546 674 1585 δεινὴν
693 1545 791 1586 ὕβριν
809 1545 869 1584 τὴν
887 1545 1134 1585 καταφρόνησιν

125 1598 325 1639 ἡγησάμενοι
357 1599 592 1639 στρατεύουσιν
620 1596 671 1629 ἐπὶ
702 1599 779 1634 τοὺς
804 1596 996 1636 Ἰουδαίους,
1029 1598 1133 1634 πεζῶν

126 1649 186 1691 μὲν
209 1651 383 1692 τριάκοντα
406 1651 573 1692 μυριάσιν,
597 1651 717 1691 ἅρμασι
737 1648 772 1681 δὲ
791 1651 1008 1691 τρισμυρίοις·
1033 1650 1133 1680 ἵππον

127 1702 156 1734 δ’
184 1703 402 1745 ἑξακισχιλίαν
427 1703 595 1743 ἐπήγοντο.
640 1704 726 1743 (98)
746 1702 798 1734 καὶ
821 1703 1133 1743 στρατοπεδεύονται
1148 1711 1173 1729 30

198 1767 212 1796 5
233 1767 265 1790 94
286 1778 318 1786 =
340 1768 351 1790 1
373 1764 439 1797 Reg.
461 1763 510 1789 ΧΠ
526 1766 570 1792 25.
