1261 1917
153 68 216 99 348
517 68 789 94 APXAIOAOPIAJ:

154 150 270 189 ἔλαβεν
295 149 519 190 αἰχμαλώτους
542 149 600 180 τὸν
619 147 770 190 ἀρχιερέα
789 147 922 190 Σαρέαν
940 147 993 180 καὶ
1013 149 1071 180 τὸν
1090 147 1158 190 μετ’

153 202 255 233 αὐτοῦ
281 201 367 242 ι”ερέα
387 203 572 243 Σοφονίαν,
595 200 648 233 καὶ
673 203 749 239 τοὺς
768 202 992 242 φυλάττοντας
1013 202 1049 232 τὸ
1070 201 1161 243 ἱερὸν

153 254 314 295 ἡγεμόνας
338 254 438 296 (τρεῖς
462 253 491 286 δ’
514 252 597 295 ἦσαν
621 252 738 297 οὗτοι),
761 253 815 286 καὶ
834 255 892 286 τὸν
913 253 964 286 ἐπὶ
983 259 1050 285 τῶν
1070 255 1160 286 ὁπλι-

152 312 218 338 τῶν
238 307 408 347 εὐνοῦχον,
432 306 485 338 καὶ
504 309 581 345 τοὺς
600 309 719 348 φίλους
737 312 796 338 τοῦ
817 307 977 338 Σεδεκίου
997 306 1086 347 ἑπτά,
1106 306 1160 338 καὶ

152 360 211 390 τὸν
235 359 422 401 γραμματέα
447 359 563 399 αὐτοῦ,
587 359 640 391 καὶ
664 361 785 396 ἄλλους
808 359 969 401 ἡγεμόνας
992 359 1159 400 ἑξήκοντα·

153 412 210 450 οὓς
229 413 374 450 ἅπαντας
393 412 468 453 μεθ’
486 410 533 444 ὧν
553 412 689 452 ἐσύλησε
709 419 835 444 σκευῶν
856 412 983 454 ἐκόμισε
1002 414 1084 454 πρὸς
1102 413 1161 443 τὸν

152 465 288 505 βασιλέα
313 467 359 502 είς
374 465 554 506 Ῥεβλαθὰν
577 466 675 496 πόλιν
698 470 755 505 τῆς
774 467 909 507 Συρίας.
951 467 1058 506 <1ῦΟ>
1083 465 1099 497 ὁ
1124 463 1161 496 δὲ

152 520 305 558 βασιλεὺς
328 523 386 548 τοῦ
411 517 470 558 μὲν
490 517 664 559 ἀρχιερέως
682 517 736 549 καὶ
759 524 825 549 τῶν
844 518 1014 559 ἡγεμόνων
1036 518 1160 550 ἐκέλευ-

152 579 209 602 σεν
233 570 300 601 ἐκεῖ
322 571 378 607 τὰς
397 571 541 611 κεφαλὰς
561 571 745 611 ἀποτεμεῖν,
769 570 866 607 αὐτὸς
886 569 921 601 δὲ
941 570 1064 608 πάντας
1085 572 1162 608 τοὺς

153 624 378 664 αἰχμαλώτους
401 622 454 654 καὶ
478 624 536 655 τὸν
560 624 721 654 Σεδεκίαν
749 624 871 663 ἤγαγεν
899 624 945 660 εἰς
968 625 1160 664 Βαβυλῶνα.

153 675 289 717 δέσμιον
314 675 343 707 δ’
367 676 502 716 ἐπήγετο
526 675 580 707 καὶ
597 675 798 707 Ἰωσάδωκον
821 678 879 707 τὸν
898 675 1059 717 ἀρχιερέα,
1083 677 1162 708 ὄντα

153 730 228 760 υῐὸν
253 729 365 770 Σαρέα
389 734 448 761 τοῦ
472 728 662 770 ἀρχιερέως,
690 729 729 760 ὃν
753 728 941 760 ἀπέκτεινεν
965 729 982 760 ὁ
1006 730 1162 770 Βαβυλώ-

153 794 224 819 νιος
248 781 283 813 έν
304 781 462 824 Ῥεβλαθᾷ
489 784 581 813 πόλει
606 787 663 822 τῆς
687 783 828 823 Συρίας,
858 782 901 818 ὡς
924 780 977 812 καὶ
1002 782 1163 823 πρότερον

153 835 232 876 ἡμῖν
256 835 446 875 δεδήλωται.

220 888 327 928 <151>
352 886 419 918 ἐπεὶ
445 885 480 918 δὲ
505 888 540 918 τὸ
565 886 659 927 γένος
684 887 900 928 διεξήλθομεν
923 887 958 918 τὸ
981 892 1046 918 τῶν
1070 889 1160 928 βασι-

153 939 236 972 λέων
265 939 318 971 καὶ
346 942 433 977 τίνες
460 937 545 980 ἦσαν
577 940 806 980 δεδηλώκαμεν
836 938 888 970 καὶ
918 941 994 977 τοὺς
1021 941 1161 981 χρόνους

153 993 272 1033 αὐτῶν,
296 993 476 1033 ἀναγκαῖον
499 992 670 1033 ἡγησάμην
693 991 746 1023 καὶ
770 998 836 1023 τῶν
855 991 1033 1033 ἀρχιερέων
1057 994 1163 1024 εἰπεῖν

152 1047 191 1076 τὰ
211 1046 365 1086 ὀνόματα,
389 1044 443 1076 καὶ
462 1047 549 1082 τίνες
568 1042 652 1085 ἦσαν
672 1045 705 1076 οἱ
722 1045 782 1085 τὴν
801 1045 1047 1085 ἀρχιερωσύνην
1065 1057 1161 1077 κατα-

153 1098 318 1136 δείξαντες
342 1097 393 1129 ἐπὶ
418 1103 486 1135 τοῖς
509 1100 688 1138 βασιλεῦσι.
735 1098 842 1137 <152>
867 1103 994 1138 πρῶτος
1017 1096 1077 1138 μὲν
1100 1096 1162 1129 οὖν

152 1151 311 1188 Σάδωκος
331 1151 500 1192 ἀρχιερεὺς
520 1149 647 1190 ἐγένετο
667 1154 726 1181 τοῦ
746 1154 828 1180 ναοῦ
848 1149 887 1180 ὃν
905 1151 1067 1190 Σολομὼν
1082 1150 1160 1193 ᾠκο-
1176 1162 1186 1178 ²

153 1204 282 1244 δόμησε.
329 1203 397 1244 μετ’
425 1203 526 1234 αὐτὸν
550 1202 579 1233 δ’
607 1203 624 1234 ὁ
648 1203 720 1240 υίὸς
742 1201 871 1243 Ἀχιμᾶς
895 1201 1077 1243 διαδέχεται
1102 1203 1162 1244 τὴν

152 1257 263 1297 τιμήν,
288 1256 341 1288 καὶ
366 1255 433 1297 μετ’
458 1255 592 1297 Ἀχιμᾶν
613 1255 771 1296 Ἀζαρίας·
800 1256 919 1286 τούτου
944 1254 973 1286 δ’
998 1254 1161 1296 Ἰώραμος,

152 1313 211 1340 τοῦ
231 1308 260 1339 δ’
276 1308 434 1350 Ἰωράμου
450 1308 546 1347 Ἴσως,
565 1307 632 1349 μετ’
655 1308 756 1339 αὐτὸν
776 1307 805 1338 δ’
825 1306 1031 1349 Ἀξιώραμος,
1053 1309 1161 1349 <153>

152 1367 210 1393 τοῦ
226 1361 256 1392 δ’
271 1361 471 1403 Ἀξιωράμου
489 1361 621 1400 Φιδέας,
636 1366 694 1392 τοῦ
710 1359 745 1392 δέ
761 1360 864 1391 Φιδέα
876 1360 1036 1400 Σουδέας,
1051 1366 1109 1392 τοῦ
1125 1360 1161 1392 δὲ

152 1414 284 1445 Σουδέα
302 1414 454 1455 Ἰούηλος,
473 1419 531 1446 τοῦ
552 1413 581 1445 δ’
601 1413 748 1454 Ἰουήλου
761 1412 929 1454 Ἰώθαμος,
946 1412 1108 1454 Ἰωθάμου
1128 1413 1157 1444 δ’

154 1468 288 1509 Οὐρίας,
308 1468 433 1509 Οὐρίου
449 1466 483 1498 δὲ
501 1469 637 1508 Νηρίας,
653 1472 711 1498 τοῦ
727 1465 762 1498 δὲ
779 1468 888 1507 Νηρία
900 1465 1021 1505 Ὼδέας,
1041 1466 1160 1497 τούτου

153 1519 188 1551 δὲ
205 1523 410 1561 Σαλλοῦμος,
432 1521 630 1560 Σαλλούμου
647 1518 676 1550 δ’
692 1518 827 1558 Ἐλκίας,
844 1518 952 1550 Ἐλκία
969 1517 1004 1549 δὲ
1021 1518 1159 1559 Σαρέας,

151 1578 210 1603 τοῦ
222 1572 251 1603 δ’
263 1572 461 1609 Ἰωσάδωκος
474 1573 490 1604 ὁ
501 1571 776 1613 αἰχμαλωτισθεὶς
791 1573 837 1608 εἰς
848 1573 1039 1612 Βαβυλῶνα.
1068 1569 1160 1602 οὗτοι

150 1625 271 1662 πάντες
289 1631 365 1662 παῖς
383 1627 469 1667 παρα
485 1626 606 1665 πατρὸς
622 1623 806 1661 διεδέξαντο
826 1624 885 1663 τὴν
904 1623 1159 1665 ἀρχιερωσύνην.

223 1698 297 1726 §149
315 1708 346 1716 Ξ
364 1694 599 1727 4Reg.XXV1S;
621 1693 714 1719 Ierem.
730 1693 829 1719 [ΗΞ-1.
902 1696 916 1724 ξ
930 1696 976 1718 151
995 1706 1026 1714 =
1045 1697 1056 1718 1
1069 1693 1158 1719 Paral.

151 1738 189 1764 VI
204 1742 298 1764 8-15,

1178 634 1203 652 10

1176 897 1202 916 15

1175 1422 1201 1441 25
