1261 1917
123 158 137 180 3

161 63 226 94 340
528 68 798 93 ΑΡΧΑΙοΛοΓιΑΣ

224 145 331 186 <108>
355 147 415 188 τὴν
439 149 626 188 συμμαχίαν
654 146 689 179 δὲ
717 149 777 188 τὴν
805 148 886 189 πρὸς
910 148 986 184 τοὺς
1012 148 1167 187 Βαβυλω-

156 199 250 235 νίους
270 197 318 230 ἐπ’
342 200 395 239 ἔτη
416 199 498 231 ὀκτὼ
517 201 697 241 κατασχών,
722 199 851 232 διέλυσε
871 201 927 237 τὰς
945 200 1028 241 πρὸς
1047 199 1167 236 αὐτοὺς

156 252 294 291 πίστεις,
322 250 375 283 καὶ
403 258 472 290 τοῖς
495 254 692 293 Αἰγυπτίοις
714 255 942 294 προστίθεται,
970 252 1167 283 καταλύσειν

156 305 233 340 τοὺς
261 306 497 344 Βαβυλωνίους
526 305 673 345 ἐλπίσας,
704 307 734 337 εἰ
763 305 830 346 μετ’
862 305 996 336 ἐκείνων
1028 304 1166 344 γε’νοιτο.

153 356 271 396 <109>
298 358 416 397 μαθὼν
443 356 479 389 δὲ
503 357 597 389 τοῦθ’
625 358 642 390 ὁ
669 364 735 389 τῶν
759 359 983 399 Βαβυλωνίων
1011 358 1166 398 βασιλεὺς

152 407 365 449 ἐστράτευσεν
390 410 439 442 ἐπ’
462 411 574 450 αὐτόν,
599 409 652 442 καὶ
677 411 737 450 τὴν
761 411 870 451 χώραν
893 411 1041 446 κακώσας
1063 409 1165 440 αὐτοῦ

151 460 205 492 καὶ
229 462 267 492 τὰ
292 463 438 504 φρούρια
462 464 574 504 λαβὼν
598 461 646 494 ἐπ’
669 463 772 503 αὐτὴν
792 460 848 503 ’ἧκε
867 463 928 503 τὴν
946 468 1013 493 τῶν
1027 461 1166 503 Ἱεροσο-

153 517 299 555 λυμιτῶν
327 517 425 546 πόλιν
453 517 683 556 πολιορκήσων
706 515 818 555 αὐτήν.
864 515 981 555 <110>
1007 515 1024 546 ὁ
1049 513 1078 545 δ’
1105 515 1165 545 Αί-

152 567 289 606 γύπτιος
313 567 454 605 ἀκούσας
478 568 514 599 ἐν
538 564 587 606 οἷς
611 567 700 599 ἐστὶν
720 568 736 599 ὁ
757 569 923 609 σύμμαχος
942 567 1044 598 αὐτοῦ
1064 567 1165 598 Σεδε-

151 621 234 659 κίας,
258 620 434 661 ἀναλαβὼν
452 622 578 661 πολλὴν
598 622 740 662 δύναμιν
760 619 838 661 ἧκεν
858 621 904 657 εἰς
922 620 982 660 τὴν
998 618 1163 650 Ἰουδαίαν

152 672 195 709 ὡς
215 673 326 704 λύσων
344 674 404 713 τὴν
422 676 625 715 πολιορκίαν.
664 674 680 705 ὁ
701 672 736 704 δὲ
754 673 968 714 Βαβυλώνιος
987 671 1162 712 ἀφίσταται

151 730 218 756 τῶν
237 724 488 767 Ἱεροσολύμων,
517 727 705 767 ἀπαντήσας
733 725 768 757 δὲ
796 731 865 763 τοῖς
889 726 1084 765 Αἰγυπτίοις
1107 723 1161 755 καὶ

152 779 330 818 συμβαλὼν
349 779 462 816 αὐτοῖς
480 784 518 820 τῇ
539 779 624 820 μάχῃ
644 784 729 821 νικᾷ,
751 778 804 810 καὶ
824 778 1025 819 τρεψάμενος
1044 776 1165 814 αὐτοὺς

149 832 198 868 εἰς
222 831 334 871 φυγὴν
358 831 390 869 ἐξ
415 832 492 871 ὅλης
517 832 626 862 διώκει
653 837 711 872 τῆς
734 832 871 872 Συρίας.
917 830 1034 870 <111>
1063 829 1107 866 ὡς
1131 828 1161 860 δ’

149 883 356 925 ἀνεχώρησεν
376 884 392 915 ὁ
410 890 476 915 τῶν
492 886 716 924 Βαβυλωνίων
736 885 889 924 βασιλεὺς
908 882 971 914 ἀπὸ
990 887 1056 913 τῶν
1067 880 1163 923 Ἱερο-

149 936 312 976 σολύμων,
337 935 542 976 ἐξηπάτησαν
566 937 600 968 οἶ
618 937 889 977 ψευδοπροφῆται
913 935 972 966 τὸν
991 935 1163 973 Σεδεκίαν,

150 988 302 1028 λέγοντες
329 989 403 1019 οὔτε
432 990 490 1020 τὸν
521 990 737 1030 Βαβυλώνιον
771 987 814 1019 ἔτ’
848 987 935 1029 αὐτῷ
967 987 1164 1027 πολεμήσειν

150 1040 203 1072 καὶ
232 1043 309 1078 τοὺς
338 1041 527 1082 ὁμοφύλους
556 1042 614 1078 οὓς
642 1042 854 1081 ἀναστήσειεν
887 1039 921 1071 ἐκ
953 1044 1010 1080 τῆς
1041 1040 1164 1076 οἰκείας

151 1095 198 1131 εἰς
220 1094 280 1134 τὴν
305 1096 503 1134 Βαβυλῶνα,
533 1095 612 1135 μετὰ
639 1094 772 1125 πάντων
796 1094 886 1134 ἥξειν
908 1098 975 1123 τῶν
998 1096 1056 1123 τοῦ
1080 1096 1163 1123 ναοῦ

151 1152 278 1178 σκευῶν
298 1144 345 1177 ὧν
365 1146 524 1187 ἐσύλησεν
540 1147 557 1178 ὁ
573 1149 726 1187 βασιλεὺς
746 1146 780 1177 ἐκ
799 1150 859 1177 τοῦ
878 1146 950 1177 νεώ.
987 1145 1095 1184 <112>
1109 1143 1163 1175 τά-

152 1201 270 1230 ναντία
294 1197 329 1230 δὲ
350 1200 477 1230 τούτων
496 1198 549 1230 καὶ
570 1199 678 1240 ἀληθῆ
698 1199 875 1240 παρελθὼν
890 1197 1044 1238 Ἱερεμίας
1063 1207 1163 1237 πρου-

152 1252 315 1292 φήτευσεν
347 1251 390 1288 ὡς
420 1256 551 1283 ποιοῦσι
585 1251 645 1292 μὲν
676 1257 782 1288 κακῶς
812 1251 865 1282 καὶ
896 1250 1074 1288 ἐξαπατῶσι
1105 1250 1164 1280 τὸν

152 1303 304 1344 βασιλέα,
333 1305 420 1344 παρὰ
445 1303 479 1335 δὲ
504 1310 570 1336 τῶν
594 1306 788 1345 Αἰγυπτίων
816 1302 915 1335 οὐδέν
940 1302 1028 1334 ἐστιν
1052 1301 1164 1339 αὐτοῖς

152 1358 286 1397 ὄφελος,
316 1356 398 1388 ἀλλὰ
427 1358 562 1397 νικήσας
590 1358 711 1394 αὐτοὺς
735 1358 751 1389 ὁ
777 1357 990 1397 Βαβυλώνιος
1014 1355 1163 1396 ἐπιστρα-

151 1411 280 1441 τεύσειν
305 1410 351 1446 εἰς
374 1410 412 1440 τὰ
432 1409 641 1451 Ἱεροσόλυμα
666 1409 790 1450 με’λλει,
819 1408 872 1440 καὶ
896 1408 1104 1448 πολιορκήσει
1128 1418 1161 1438 τε

152 1462 202 1493 καὶ
229 1467 273 1504 τῷ
298 1465 380 1505 λιμῷ
404 1463 583 1503 διαφθερεῖ
605 1463 662 1493 τὸν
687 1464 807 1503 δῆμον,
836 1460 888 1493 καὶ
918 1462 995 1497 τοὺς
1022 1462 1161 1501 περιλει-

153 1514 300 1555 φθέντας
323 1516 547 1555 αἰχμαλώτους
571 1515 653 1555 ἄξει,
682 1515 735 1546 καὶ
760 1516 816 1552 τὰς
839 1515 953 1551 οὐσίας
977 1513 1160 1553 διαρπάσει,

152 1567 203 1599 καὶ
231 1569 288 1599 τὸν
312 1567 347 1598 ἐν
372 1573 414 1610 τῷ
439 1573 507 1610 ναῷ
530 1571 674 1599 πλοῦτον
699 1567 882 1608 ἐκφορήσας
910 1568 956 1597 ἔτι
979 1564 1032 1596 καὶ
1057 1565 1159 1596 αὐτὸν

154 1620 308 1661 ἐμπρήσει
333 1620 385 1651 καὶ
410 1620 607 1657 κατασκάψει
631 1621 691 1660 τὴν
714 1621 825 1659 πόλιν,
850 1617 913 1650 (καὶ
939 1618 1161 1658 δουλεύσομεν

154 1673 241 1713 αὐτῷ
271 1673 322 1704 καὶ
353 1679 421 1710 τοῖς
449 1672 596 1712 ἐκγόνοις
629 1673 730 1704 αὐτοῦ
760 1671 808 1703 ἐπ’
840 1673 893 1711 ἔτη
927 1670 1160 1711 ἑβδομήκοντα,

224 1737 238 1765 ξ
256 1737 305 1760 108
321 1746 353 1755 =
369 1736 384 1759 4
400 1733 467 1766 Reg
482 1733 556 1758 XXV
572 1736 595 1759 1.
669 1735 682 1764 ξ
699 1736 748 1758 109
765 1745 796 1754 =
813 1732 907 1757 Ierem.
929 1731 1015 1756 XLIV
1031 1734 1054 1757 5.

1180 367 1192 386 5

1179 630 1204 649 10

1179 893 1204 912 15

1178 1134 1205 1175 20‘

1176 1417 1202 1436 25

1175 1680 1201 1699 30
