1261 1917
161 60 226 90 252
523 62 794 87 ΑΡΧΑΙΟΛΟΓΙΑΣ

160 144 300 182 θαρρεῖν
329 140 477 173 ἐκέλευσε
504 141 557 173 καὶ
586 141 689 183 μηδὲν
716 148 782 174 τῶν
811 142 940 174 ἀτόπων
967 142 1165 183 προσδοκᾶν.

150 192 292 230 ’Ἄδαδος
317 192 346 224 δ’
368 194 555 235 ηὐχαρίστει
579 194 632 226 καὶ
656 194 732 236 παρ’
755 195 833 226 ὅλον
857 196 915 226 τὸν
937 199 996 226 τοῦ
1016 196 1073 235 ζῆν
1091 195 1166 236 χρό-

160 257 220 277 νον
239 246 544 287 ἀπομνημονεύσειν
563 252 620 288 τῆς
639 248 825 289 εὐεργεσίας
844 248 1016 288 ὡμολόγει·
1036 246 1089 278 καὶ
1109 247 1166 283 τὰς

158 300 269 336 πόλεις
292 305 358 330 τῶν
379 298 601 341 Ἰσραηλιτῶν,
633 300 670 337 ἃς
698 301 884 341 ἀπήνεγκαν
912 301 946 331 οἱ
971 301 1034 341 πρὸ
1064 299 1165 330 αὐτοῦ

159 352 314 391 βασιλεῖς,
338 351 522 384 ἀποδώσειν
546 353 769 393 ἐπηγγείλατο,
792 352 846 384 καὶ
870 354 1060 393 Δαμασκόν,
1084 352 1165 383 ὥστε
1180 360 1192 379 5

159 403 344 441 ἐξελαύνειν
373 406 419 442 εἰς
442 405 546 445 αὐτὴν
568 407 680 442 καθὼς
702 405 756 436 καὶ
780 406 814 436 οἱ
835 405 970 446 πατέρες
993 405 1094 436 αὐτοῦ
1119 405 1166 441 εἰς

159 457 351 497 Σαμάρειαν
371 455 459 498 εἶχον
478 462 575 489 τοῦτο
595 464 712 498 ποιεῖν,
732 458 875 497 ἀνήσειν.
906 457 1013 497 <388>
1033 455 1166 496 γενομέ-

158 521 226 540 νων
251 508 280 540 δ’
303 510 414 546 αὐτοῖς
439 510 545 550 ὅρκων
568 509 621 541 καὶ
642 514 830 550 συνθηκῶν,
854 510 958 541 πολλὰ
979 508 1166 550 δωρησάμε-

158 573 215 598 νος
239 562 326 603 αὐτῷ
341 560 482 602 ’Ἀχαβος
506 561 695 603 ἀπέπεμψεν
719 563 765 599 εἰς
788 563 848 602 τὴν
873 562 962 593 ἰδίαν
986 563 1165 602 βασιλείαν.

224 612 277 644 καὶ
302 615 340 645 τὰ
364 613 425 655 μὲν
448 614 521 656 περὶ
546 620 603 655 τῆς
623 614 763 646 Ἀδάδου
787 619 845 645 τοῦ
866 615 988 656 Σύρων
1007 613 1166 655 βασιλέως
1182 624 1206 642 10

158 668 327 707 στρατείας
355 666 407 698 ε’πὶ
431 667 575 708 ’Ἁχαβον
603 667 656 698 καὶ
685 669 761 704 τοὺς
786 666 986 707 Ἰσραηλίτας
1013 670 1166 698 τοιοῦτον

158 720 229 760 ε”σχε
253 720 289 750 τὸ
313 719 419 759 τέλος,
447 720 554 761 <389>
579 721 748 762 προφήτης
772 720 810 751 δέ
832 732 895 759 τις,
921 721 1068 760 Μιχαίας
1091 719 1165 750 τοῦ-

157 784 252 813 νομα,
272 774 468 814 προσελθών
488 785 554 804 τινι,
573 779 640 804 τῶν
656 772 865 813 Ἰσραηλιτῶν
881 772 1049 804 ἐκέλευσεν
1064 772 1165 803 αὐτὸν

157 826 203 861 εἰς
235 825 295 865 τὴν
327 827 474 866 κεφαλὴν
506 826 639 866 πλῆξαι·
678 830 774 856 τοῦτο
808 827 869 866 γὰρ
903 826 1053 865 ποιήσειν
1085 825 1165 856 κατὰ

156 878 316 917 βούλησιν
339 883 397 909 τοῦ
421 881 513 909 θεοῦ.
559 883 618 909 τοῦ
643 877 679 909 δὲ
703 879 746 918 μή
771 878 979 917 πεισθέντος,
1010 883 1165 919 προεῖπεν
1181 887 1205 905 15

156 930 242 972 αὐτῷ
267 931 511 972 παρακούσαντι
536 937 602 962 τῶν
625 936 684 962 τοῦ
709 934 792 962 θεοῦ
815 931 1087 972 προσταγμάτων,
1114 929 1164 961 λέ-

156 994 226 1013 οντι
250 984 466 1024 περιτυχόντα
491 984 792 1025 διαφθαρήσεσθαι.
831 983 1014 1023 συμβάντος
1035 981 1071 1014 δὲ
1090 983 1164 1013 τού-

155 1047 214 1066 του
246 1035 448 1078 τάνθρώπω,
480 1036 651 1076 πρόσεισιν
685 1034 782 1077 ἑτέρῳ
811 1035 911 1066 πάλιν
939 1035 955 1065 ὁ
984 1035 1164 1075 προφήτης,

155 1088 253 1119 ταύτὸ
281 1088 500 1129 προστάττων.
547 1088 653 1127 <390>
684 1087 865 1127 πλήξαντος
894 1086 923 1117 δ’
955 1086 1082 1118 ἐκείνου
1110 1085 1164 1118 καὶ
1203 1103 1209 1107 -

155 1141 363 1182 θραύσαντος
387 1140 489 1171 αὐτοῦ
513 1141 548 1171 τὸ
572 1142 720 1181 κρανίον,
743 1140 1008 1180 καταδησάμενος
1031 1139 1091 1179 τὴν
1113 1151 1163 1171 κε-
1179 1149 1204 1168 20

155 1193 265 1233 φαλὴν
297 1195 467 1234 προσῆλθε
500 1198 544 1235 τῷ
578 1195 707 1233 βασιλεῖ
738 1192 844 1232 λέγων
872 1193 959 1235 αὐτῷ
988 1201 1163 1233 συνεστρα-

154 1248 303 1285 τεῦσθαι,
327 1244 380 1276 καὶ
404 1247 608 1286 παραλαβεῖν
632 1244 681 1276 ἐπὶ
708 1249 838 1286 φυλακῇ
862 1257 935 1276 τινα
959 1250 1025 1276 τῶν
1049 1246 1163 1286 αἰχμα-

154 1298 268 1328 λώτων
291 1298 377 1339 παρὰ
401 1303 460 1329 τοῦ
483 1298 669 1339 ταξιάρχου,
693 1299 859 1338 φυγόντος
879 1297 908 1328 δ’
931 1298 1032 1329 αὐτοῦ
1051 1298 1163 1328 κινδυ-

154 1351 264 1381 νεύειν
292 1351 355 1381 ὑπὸ
384 1355 443 1381 τοῦ
471 1351 741 1392 παραδεδωκότος
764 1350 960 1382 ἀποθανεῖν·
990 1350 1162 1390 ἀπειλῆσαι

154 1404 215 1444 γὰρ
249 1403 364 1443 αὐτόν,
398 1405 427 1434 εί
459 1404 616 1444 διαφύγοι
650 1403 667 1434 ὁ
698 1403 915 1444 αἰχμάλωτος,
949 1403 1202 1434 ἀποκτείνειαν,

153 1456 260 1496 <3ἷῖ1>
277 1457 406 1487 δίκαιον
426 1454 461 1486 δὲ
481 1457 648 1496 φήσαντος
664 1455 803 1496 Ἀχάβου
822 1457 880 1487 τὸν
899 1456 1047 1487 θάνατον
1068 1453 1162 1495 εἶναι,

153 1509 255 1545 λύσας
283 1509 343 1548 τὴν
366 1509 513 1549 κεφαλὴν
538 1508 784 1548 ἐπιγινώσκεται
809 1507 863 1539 ὑπ’
890 1509 991 1539 αὐτοῦ
1014 1508 1161 1548 Μιχαίας

153 1560 169 1591 ὁ
201 1562 370 1601 προφήτης
398 1562 453 1591 ὤν.
500 1560 651 1602 ἐκέχρητο
681 1559 715 1591 δὲ
745 1562 921 1600 σοφίσματι
949 1561 1031 1600 πρὸς
1059 1559 1161 1590 αὐτὸν

153 1617 196 1655 τῷ
221 1612 386 1654 γενομένῳ
410 1613 492 1652 πρὸς
513 1614 590 1649 τοὺς
609 1612 788 1653 μέλλοντας
806 1613 937 1651 λόγους·
962 1612 1070 1652 <392>
1091 1610 1160 1642 εἷπε

152 1666 214 1705 γὰρ
243 1665 287 1701 ὡς
311 1665 327 1696 ὁ
352 1666 431 1702 θεὸς
454 1664 567 1705 ἀφέντ’
594 1665 695 1696 αὐτὸν
719 1665 893 1705 διαδρᾶναι
918 1665 977 1704 τὴν
1000 1666 1160 1706 τιμωρίαν
1174 1674 1200 1692 ³0

224 1728 237 1756 ξ
255 1727 304 1750 337
326 1738 358 1746 Ξ
379 1728 393 1750 3
410 1724 476 1757 Reg.
498 1724 547 1750 XX
563 1727 603 1749 34.
