1261 1917
120 52 186 82 360
487 51 757 76 APXAIOAOFIAE

119 133 197 168 τοὺς
220 132 283 171 πρὸ
308 135 369 162 σοῦ
393 133 538 172 βασιλεῖς
562 132 797 171 Βαβυλωνίους
820 131 927 170 ὄντας,
951 132 987 162 αι’
1009 130 1045 162 δὲ
1069 132 1129 163 δύο

119 190 225 226 χεῖρες
248 183 301 215 καὶ
327 184 361 215 oc
383 182 465 225 ὦμοι
490 186 708 225 σημαίνουσιν
735 183 798 214 ὑπὸ
824 184 883 215 δύο
907 185 1129 224 καταλυθήσε-

121 240 201 268 σθαι
230 236 391 277 βασιλέων
418 237 478 277 τὴν
509 236 688 278 ἡγεμονίαν
716 237 817 277 ὑμῶν.
864 237 980 277 <209>
1008 237 1068 276 τὴν
1098 235 1127 267 δ’

121 289 256 321 ἐκείνων
280 289 389 331 ἕτερός
412 302 461 326 τις
485 289 547 320 ἀπὸ
571 294 628 330 τῆς
652 290 776 326 δύσεως
794 290 989 330 καθαιρήσει
1008 289 1130 330 χαλκὸν

120 342 351 383 ἠμφιεσμένος,
375 341 428 373 καὶ
452 343 574 382 ταύτην
598 343 678 382 ἄλλη
701 343 818 373 παύσει
838 342 898 382 τὴν
918 343 1013 382 ἰσχὺν
1034 342 1129 382 ὁμοία
1144 357 1156 377 5

121 396 256 438 σιδήρῳ,
280 394 334 426 καὶ
357 396 510 435 κρατήσει
535 394 564 425 δ’
588 396 634 432 εἰς
653 395 739 426 ἅπαν
761 395 815 425 διὰ
835 395 894 434 τὴν
914 399 972 426 τοῦ
992 395 1130 435 σιδήρου

121 447 250 488 φύσιν“’
279 445 363 479 εἶναι
388 448 449 488 γὰρ
474 447 577 487 αὐτὴν
605 446 820 488 στερροτέραν
844 451 900 487 τῆς
924 452 982 478 τοῦ
1005 451 1130 489 χρυσοῦ

119 499 173 530 καὶ
198 504 257 531 τοῦ
281 499 427 540 ἀργύρου
451 498 504 530 καὶ
529 503 587 530 τοῦ
611 502 741 539 χαλκοῦ.
789 499 895 538 <21Ο>
924 498 1065 539 ἐδήλωσε
1095 497 1130 529 δὲ

119 551 174 583 καὶ
201 551 276 592 περὶ
305 557 363 582 τοῦ
392 554 492 583 λίθου
520 555 688 591 Δανιῆλος
715 556 759 593 τῷ
788 553 928 592 βασιλεῖ·
957 551 1027 583 ἀλλ’
1059 550 1130 592 ἐμοὶ

121 603 181 645 μὲν
205 605 265 635 οὐκ
290 605 380 642 ε”δοξε
403 603 499 635 τοῦθ’
527 605 684 645 ι’στορεϊν,
712 605 751 635 τὰ
778 605 987 645 παρελθόντα
1016 603 1068 635 καὶ
1092 604 1130 635 τὰ
1147 619 1172 638 10

122 656 322 698 γεγενημένα
347 657 561 698 συγγράφειν,
586 657 626 688 οὐ
645 658 684 688 τὰ
704 656 863 697 μέλλοντα
884 657 1061 697 ὀφείλοντι.
1103 657 1132 687 εί

122 710 160 741 δέ
178 722 226 747 τις
245 714 301 750 τῆς
317 709 482 750 ἀκριβείας
498 711 689 750 γλιχόμενος
704 709 743 741 οὐ
758 711 960 750 περιίσταται
981 710 1016 740 τὸ
1032 711 1131 740 πολυ-

120 768 338 804 πραγμονεῖν,
372 763 415 799 ὡς
447 761 499 793 καὶ
533 762 607 803 περὶ
641 768 707 793 τῶν
740 762 871 802 ἀδήλων
903 764 937 793 τί
962 762 1131 801 γενήσεται

121 816 303 855 βούλεσθαι
327 818 464 855 μαθεῖν,
488 815 704 846 σπουδασάτω
728 816 763 846 τὸ
789 816 920 855 βιβλίον
943 814 1131 854 ἀναγνῶναι

121 870 157 899 τὸ
186 868 370 907 Δανιήλου·
401 868 530 907 εὑρήσει
560 865 594 898 δὲ
623 866 711 898 τοῦτ’
743 867 778 898 ἐν
806 873 874 904 τοῖς
904 867 1003 908 ιἐροῖς
1031 866 1131 907 γράμ-
1147 881 1171 900 15

122 929 230 961 μασιν.

189 973 303 1012 <211>
332 973 348 1003 ὁ
378 971 414 1003 δε
442 973 595 1012 βασιλεὺς
624 972 962 1012 Ναβουχοδονόσορος
991 972 1132 1008 ἄκουσας

121 1030 222 1056 ταῦτα
242 1024 295 1056 καὶ
316 1024 470 1064 ἐπιγνους
489 1022 610 1065 τοῦναρ
631 1023 787 1064 ἐξεπλαγη
808 1036 867 1064 την
886 1029 944 1055 τοῦ
959 1025 1130 1064 Δανιήλου

122 1079 240 1118 φύσιν,
268 1076 321 1108 καὶ
350 1077 459 1108 πεσὼν
488 1075 539 1108 ἐπι
567 1078 758 1116 πρόσωπον,
787 1073 811 1119 ᾧ
836 1078 944 1118 τρόπῳ
968 1078 1025 1108 τὸν
1049 1078 1131 1108 θεὸν

121 1134 356 1171 προσκυνοῦσι,
376 1130 479 1171 τούτῳ
500 1130 558 1160 τὸν
577 1132 747 1169 Δανιῆλον
766 1129 933 1168 ἠσπαζετο,
953 1130 1061 1169 <212>
1078 1128 1131 1160 καὶ
1147 1143 1171 1162 20

121 1184 221 1214 θύειν
250 1181 279 1213 δ’
307 1183 350 1219 ὡς
373 1185 441 1224 θεῷ
465 1180 670 1222 προσέταξεν.
718 1181 757 1212 οὐ
788 1182 852 1222 μὴν
881 1181 962 1212 ἀλλὰ
990 1181 1043 1212 καὶ
1073 1182 1132 1222 τὴν

121 1236 346 1277 προσηγορίαν
380 1234 467 1276 αὐτῷ
495 1238 553 1265 τοῦ
583 1234 671 1265 ἰδίου
704 1237 787 1265 θεοῦ
820 1233 974 1274 θέμενος,
1007 1234 1133 1274 ἁπάσης

122 1288 299 1329 ἐπίτροπον
328 1291 384 1327 τῆς
412 1288 579 1327 βασιλείας
608 1285 752 1326 ἐποίησε,
781 1285 834 1317 καὶ
862 1288 939 1323 τοὺς
963 1293 1133 1326 συγγενεῖς

123 1341 240 1379 αὐτοῦ,
272 1340 329 1376 οὓς
356 1340 420 1370 ὑπὸ
449 1340 583 1379 φθόνου
612 1338 665 1369 καὶ
694 1340 872 1379 βασκανίας
900 1340 946 1375 είς
974 1340 1132 1370 κίνδυνον

124 1393 275 1434 ἐμπεσεῖν
300 1391 421 1432 συνέβη
447 1396 490 1434 τῷ
515 1393 644 1431 βασιλεῖ
663 1392 952 1432 προσκρούσαντας
976 1391 1008 1428 ἐξ
1028 1393 1132 1429 αι’τιάς
1147 1405 1171 1423 25

122 1446 264 1477 τοιᾶσδε.
305 1445 413 1485 (213)
438 1444 454 1475 ὁ
479 1445 632 1485 βασιλεὺς
651 1444 893 1481 κατασκευάσας
912 1449 1057 1485 χρυσοῦν
1076 1444 1132 1475 ἀν-

124 1499 276 1539 δριάντα,
305 1499 434 1538 πήχεων
462 1498 498 1528 τὸ
522 1495 583 1537 μὲν
606 1497 690 1534 ὕψος
714 1495 868 1536 ἑξήκοντα
896 1498 931 1527 τὸ
956 1496 1076 1534 πλάτος
1099 1495 1129 1527 δ’

123 1551 167 1588 εξ,
192 1552 310 1590 στήσας
334 1549 434 1580 αὐτὸν
460 1548 494 1580 ἐν
518 1554 562 1591 τῷ
586 1549 714 1592 μεγάλῳ
737 1554 793 1589 τῆς
812 1551 1011 1589 Βαβυλῶνος
1029 1549 1131 1592 πεδίῳ

123 1602 177 1634 καὶ
206 1603 333 1643 με’λλων
361 1605 541 1641 καθιεροῦν
570 1601 671 1632 αὐτὸν
700 1601 915 1632 συνεκάλεσεν
947 1600 978 1638 ἐξ
1007 1601 1132 1641 ἁπάσης

123 1654 162 1696 ἧς
185 1653 263 1696 ἧρχε
286 1659 345 1695 γῆς
368 1656 444 1690 τοὺς
468 1655 627 1693 πρώτους,
650 1659 781 1694 πρῶτον
805 1653 917 1690 αὐτοῖς
940 1654 1131 1693 προστάξας,
1145 1665 1171 1683 30

196 1718 209 1746 ξ
225 1718 275 1740 ⁵30ss
292 1728 323 1736 =
340 1714 408 1739 Dan,
424 1714 449 1739 H
465 1717 504 1739 39.
