1261 1917
121 1473 135 1496 8

154 71 196 101 58
523 71 792 95 ΑΡΧΑΙΟΛΟΓΙΑΣ

144 147 343 191 ’καιοσύνηςῃ
373 152 502 191 ἔγγιστα
531 155 589 181 τοῦ
618 153 822 190 φθονεῖσθαι
852 150 1079 190 γεγενημένοις
1107 148 1158 180 καὶ

153 209 231 235 πᾶσι
260 210 416 245 φανεροῖς
445 202 496 244 ἐφ’
524 199 573 240 οἷς
601 202 642 234 ἂν
670 203 835 243 νοήσωσιν
863 202 881 242 ἦ
910 202 1054 243 πράξωσι
1078 205 1159 233 καθ-

154 262 284 294 εστῶσι,
315 255 388 287 τόθ’
420 256 463 292 ὡς
492 255 599 286 οὐκέτι
628 254 805 296 βλέποντος
833 255 953 292 αὐτοὺς
980 260 1038 286 τοῦ
1067 258 1159 293 θεοῦ,

153 308 172 349 ἢ
197 310 251 340 διὰ
275 302 334 349 τὴν
359 308 509 346 ἐξουσίαν
530 308 686 345 δεδιότος,
710 307 814 344 οὕτως
834 306 1068 348 ἐμπαροινοῦσι
1093 312 1160 344 τοῖς

151 362 348 402 πράγμασιν.
396 361 502 400 <266>
526 360 545 391 ἃ
571 359 599 391 δ’
627 360 667 391 ἂν
694 359 712 400 ἣ
737 362 934 401 φοβηθῶσιν
962 359 1160 396 ἀκούσαντες

153 413 171 454 ἢ
202 415 384 454 μισήσωσιν
422 413 717 453 ἐθελοκακήσαντες
754 412 772 452 ἢ
812 411 987 453 στέρξωσιν
1025 412 1160 452 ἀλόγως,

152 472 253 498 ταῦτα
286 467 382 507 κύρια
419 465 471 497 καὶ
506 465 621 506 βέβαια
655 464 707 496 καὶ
742 465 850 505 ἀληθῆ
884 464 937 496 καὶ
971 464 1161 505 ἀνθρώποις

152 519 270 560 ἀρεστὰ
294 518 346 550 καὶ
371 522 438 561 θεῷ
463 519 610 549 δοκοῦσι·
635 524 700 549 τῶν
725 516 759 549 δὲ
780 519 967 558 μελλόντων
988 519 1084 557 λόγος
1104 516 1160 547 αὐ-

152 578 221 608 τοῖς
254 570 330 602 οὐδὲ
365 567 422 608 εἷς’
456 572 563 611 <267>
595 571 675 602 ἀλλὰ
708 576 823 611 τιμῶσι
856 569 916 611 μὲν
948 571 1024 606 τοὺς
1057 570 1160 600 πολλὰ

152 625 476 664 ταλαιπωρήσαντας,
500 625 691 664 τιμήσαντες
720 621 755 654 δὲ
785 626 967 663 φθονοῦσι,
998 621 1050 653 καὶ
1080 633 1160 661 παρ-

153 678 330 716 αγαγόντες
351 677 396 713 εἰς
417 675 611 716 ἐπιφάνειαν
627 675 666 706 οὐ
686 676 804 715 ταύτης
821 675 1040 715 ἀφαιροῦνται
1056 675 1159 715 μόνον

152 731 229 766 τοὺς
256 730 482 769 τετυχηκότας,
512 728 593 760 ἀλλὰ
622 729 676 759 διὰ
704 729 825 767 ταύτην
853 726 906 758 καὶ
935 731 994 758 τοῦ
1023 728 1079 766 ζῆν
1109 725 1162 756 ἐπὶ

152 788 311 822 πονηραῖς
335 783 454 818 αἰτίαις
481 780 533 812 καὶ
559 779 602 811 δι’
629 780 815 822 ὑπερβολὴν
839 780 947 811 αὐτῶν
974 779 1160 815 ἀπιθάνοις.

152 835 323 872 κολάζουσι
349 833 378 864 δ’
401 833 459 864 οὐκ
485 832 533 864 ἐπ’
557 835 664 874 ἔργοις
684 834 775 873 δίκης
799 832 902 870 ἀξίοις
924 831 994 864 ἀλλ’
1017 830 1067 862 ἐπὶ
1091 832 1160 862 δια-

152 889 265 928 βολαῖς
293 885 345 917 καὶ
375 888 583 926 κατηγορίαις
612 886 857 926 ἀβασανίστοις,
886 884 958 916 οὐδ’
986 885 1084 921 ὅσους
1111 884 1162 914 δεῖ

153 944 248 970 τοῦτο
273 942 395 970 παθεῖν
419 937 489 970 ἀλλ’
512 939 610 975 ὅσους
632 938 819 969 ἀποκτεῖναι
841 938 1007 968 δύνανται.
1054 936 1161 976 <268>

152 996 248 1023 τοῦτο
279 991 430 1027 Σάουλος
461 990 536 1031 ἡμῖν
565 990 581 1022 ὁ
611 991 733 1021 Κείσου
764 995 853 1028 παῖς,
885 989 901 1020 ὁ
930 994 1056 1029 πρῶτος
1084 989 1162 1028 μετὰ

153 1045 212 1084 τὴν
237 1044 488 1085 ἀριστοκρατίαν
516 1042 568 1074 καὶ
594 1043 652 1082 τὴν
678 1041 728 1073 ἐπὶ
752 1048 820 1079 τοῖς
844 1047 969 1083 κριταῖς
993 1042 1162 1072 πολιτείαν

149 1096 310 1137 Ἑβραίων
339 1096 548 1136 βασιλεύσας,
577 1096 722 1136 φανερὸν
753 1096 921 1134 πεποίηκε,
954 1095 1162 1134 τριακοσίους
1199 1130 1204 1134 ι

154 1150 346 1185 ἀποκτείνας
367 1148 471 1189 ιἐρεάς
486 1147 538 1179 καὶ
553 1149 723 1188 προφήτας
739 1147 772 1178 ἐκ
792 1152 848 1187 τῆς
865 1147 946 1187 πρὸς
958 1145 1162 1186 Ἀχιμέλεχον

153 1203 310 1239 ὑποψίας,
340 1201 586 1241 ἐπικαταβαλὼν
613 1199 642 1231 δ’
670 1199 781 1236 αὐτοῖς
804 1198 856 1230 καὶ
886 1199 945 1238 τὴν
969 1199 1080 1235 πόλιν,
1108 1197 1159 1228 καὶ

154 1256 212 1285 τὸν
235 1255 343 1296 τρόπῳ
368 1253 433 1284 τινὶ
460 1254 539 1284 ναὸν
563 1252 751 1289 σπουδάσας
772 1251 886 1292 ἱερέων
910 1250 963 1282 καὶ
983 1255 1162 1291 προφητῶν

155 1308 276 1347 ἔρημον
303 1311 515 1346 καταστῆσαι,
543 1306 720 1341 τοσούτους
745 1303 804 1345 μὲν
828 1304 968 1343 ἀνελών,
997 1309 1104 1343 μεῖναι
1130 1301 1159 1333 δ’

156 1359 251 1396 ἐάσας
276 1357 353 1390 οὐδὲ
377 1359 437 1398 τὴν
460 1359 600 1398 πατρίδα
624 1357 733 1388 αὐτῶν
756 1358 837 1397 πρὸς
861 1358 896 1387 τὸ
916 1355 968 1387 καὶ
993 1354 1060 1396 μετ’
1084 1354 1162 1386 ἐκεί-

155 1424 234 1449 νους
258 1413 378 1448 ἄλλους
403 1410 567 1450 γενέσθαι.

222 1464 328 1503 (269)
354 1463 369 1494 ὁ
395 1461 424 1493 δ’
449 1461 646 1503 Ἀβιάθαρος
676 1461 692 1492 ὁ
717 1465 775 1492 τοῦ
797 1459 1002 1501 Ἀχιμελέχου
1026 1465 1115 1498 παῖς,
1146 1459 1162 1490 ὁ

155 1518 254 1557 μόνος
285 1517 491 1555 διασωθῆναι
522 1513 680 1553 δυνηθεὶς
708 1512 742 1544 ἐκ
770 1517 829 1544 τοῦ
858 1512 974 1551 γένους
1003 1517 1068 1542 τῶν
1099 1512 1162 1543 ὑπὸ

158 1569 312 1599 Σαούλου
340 1566 575 1607 φονευθέντων
604 1565 733 1606 ἱερέων,
762 1565 878 1605 φυγὼν
906 1565 987 1605 πρὸς
1011 1565 1163 1604 Δαυίδην

158 1622 217 1661 τὴν
241 1626 306 1651 τῶν
330 1621 460 1650 οἰκείων
484 1619 570 1661 αὐτῷ
596 1618 770 1658 συμφορὰν
790 1616 930 1656 ἐδήλωσε
954 1615 1007 1647 καὶ
1027 1617 1086 1656 τὴν
1105 1621 1163 1648 τοῦ

157 1674 278 1714 πατρὸς
302 1672 480 1712 ἀναίρεσιν.
527 1672 633 1711 <2ΤΟ>
655 1670 671 1701 ὃ
692 1669 721 1701 δ’
744 1669 803 1700 οὐκ
827 1669 960 1709 ἀγνοεῖν
982 1670 1043 1709 ἔφη
1063 1673 1163 1700 ταῦτα

231 1736 245 1764 5
265 1736 314 1758 269
337 1745 368 1753 =
390 1734 401 1756 1
423 1731 488 1763 Reg.
510 1731 583 1756 XXII
599 1734 640 1757 21.

1177 629 1201 647 10

1176 890 1200 909 15

1177 1153 1202 1171 20

1179 1414 1203 1433 25

1178 1676 1203 1694 30
