1261 1917
554 70 678 95 OFAOH
1063 68 1123 98 177

110 152 206 192 τάτης
225 150 416 191 ἐλευθερίας
435 149 583 191 ἀκρατῶς
603 148 857 190 ἐμφορούμενοι,
881 150 964 189 πρὸς
983 154 1027 192 τῷ
1047 158 1124 181 συν-

111 206 222 243 αύξειν
253 203 387 240 ἕκαστος
419 203 457 234 τὰ
491 204 595 234 οἰκεῖα
628 201 682 233 καὶ
720 208 829 234 ποιεῖν
866 202 940 240 ἄξια
972 204 1125 239 πλείονος

110 258 263 298 ὑπῆρχεν.

177 310 260 350 <39>
284 307 368 350 ἦσαν
392 307 428 340 δὲ
453 308 506 340 καὶ
531 308 635 349 ἕτεροι
665 313 709 350 τῷ
738 310 868 348 βασιλεῖ
892 307 1065 348 ἡγεμόνες,
1095 309 1129 338 οἳ
1146 318 1161 340 4.

84 368 168 404 στῆς
190 375 223 394 τε
247 363 370 403 Σύρων
398 366 457 402 γῆς
484 361 538 393 καὶ
567 367 633 393 τῶν
657 361 872 401 ἀλλοφύλων,
901 361 973 400 ἥτις
999 358 1042 401 ἦν
1068 360 1122 392 ἀπ’

110 416 290 457 Εὐφράτου
322 419 471 456 ποταμοῦ
507 416 667 455 διήκουσα
700 413 794 455 μέχρι
831 418 889 454 τῆς
922 415 1126 454 Αἰγυπτίων,

110 469 267 510 ἐπῆρχον,
300 468 489 508 ἐκλέγοντες
517 468 606 510 αὐτῷ
635 469 763 508 φόρους
792 468 879 508 παρὰ
909 473 977 498 τῶν
1005 466 1125 498 ἐθνῶν.

109 522 194 562 <4Ο>
218 521 417 553 συνετέλουν
446 520 483 553 δὲ
510 520 564 552 καὶ
588 526 626 562 τῇ
655 520 796 561 τραπέζῃ
819 519 896 551 καθ’
923 519 1049 561 ἡμέραν
1072 519 1123 551 καὶ

109 580 154 618 τῷ
179 576 301 618 δείπνῳ
325 580 385 606 τοῦ
409 574 570 616 βασιλέως
594 574 795 615 σεμιδάλεως
818 572 879 614 μὲν
897 575 1018 614 κόρους
1037 573 1126 614 τριά-

71 636 96 655 10
109 640 224 666 κοντα,
253 628 395 668 ἀλεύρου
424 626 454 659 δ’
482 627 652 667 ἑξήκοντα,
681 628 847 663 σιτιστοὺς
875 624 911 657 δὲ
940 628 1020 667 βοῦς
1049 626 1126 657 δέκα

109 680 163 712 καὶ
188 681 334 722 νομάδας
362 683 443 722 βοῦς
472 684 590 719 εἴκοσι,
619 681 785 717 σιτιστοὺς
813 678 842 710 δ’
870 680 973 720 ἄρνας
1001 678 1127 711 ἑκατόν.

110 738 213 765 ταῦτα
237 734 343 765 πάντα
367 734 467 775 πάρεξ
491 739 558 765 τῶν
581 732 636 764 ἀπ’
663 734 781 773 ἄγρας,
808 732 942 773 ἐλάφων
965 732 1049 772 λέγω
1073 732 1126 764 καὶ

111 786 288 827 βουβάλων
306 786 360 818 καὶ
380 793 448 818 τῶν
466 792 600 826 πτηνῶν
622 785 677 817 καὶ
701 786 840 827 ἰχθύων,
864 785 1027 826 ἐκομίζετο
1047 785 1124 817 καθ’

112 839 238 880 ’ἡμέραν
256 845 301 883 τῷ
321 842 451 880 βασιλεῖ
468 841 556 881 παρὰ
575 845 642 871 τῶν
660 839 869 879 ἀλλοφύλων.
906 839 992 879 <41>
1011 844 1126 870 τοσοῦ-

73 900 97 919 15
111 905 170 924 τον
198 891 235 924 δὲ
262 896 391 933 πλῆθος
418 891 460 933 ἦν
488 892 643 933 ἁρμάτων
671 894 862 932 Σολομῶνι,
895 892 940 929 ὡς
972 891 1127 933 τέτταρας

112 943 198 977 εἶναι
229 946 393 987 μυριάδας
423 951 560 986 φατνῶν
589 951 656 976 τῶν
683 944 981 986 ὑποζευγνυμένων
1008 946 1127 977 ἰ’ππων.

111 998 211 1039 χωρὶς
235 997 271 1030 δὲ
295 1000 421 1030 τούτων
445 996 530 1039 ἦσαν
555 999 664 1035 ι”ππεῖς
683 999 839 1039 δισχίλιοι
858 997 913 1029 καὶ
933 999 1056 1039 μύριοι,
1081 996 1128 1030 ὧν

111 1052 145 1082 os
158 1049 218 1092 μὲν
232 1051 359 1092 ἡμίσεις
373 1056 418 1094 τῷ
437 1053 567 1092 βασιλεῖ
580 1052 810 1092 προσήδρευον
830 1050 866 1082 ἐν
877 1050 1127 1092 Ἱεροσολύμοις.

111 1105 145 1136 οἱ
163 1103 199 1136 δὲ
219 1103 327 1136 λοιποὶ
342 1105 423 1136 κατὰ
443 1105 500 1142 τὰς
519 1105 691 1145 βασιλικὰς
710 1103 943 1145 διεσπαρμένοι
962 1105 1072 1145 κώμας
1092 1104 1128 1135 ἐν

72 1165 98 1184 20
112 1158 227 1194 αὐταῖς
249 1157 437 1198 κατέμενον.
475 1158 492 1189 ὁ
513 1157 543 1188 δ’
566 1158 664 1195 αὐτὸς
684 1157 814 1198 ἡγεμὼν
836 1157 853 1189 ὁ
873 1158 934 1197 τὴν
956 1162 1015 1189 τοῦ
1035 1159 1127 1198 βασι-

113 1210 194 1247 λέως
217 1211 368 1250 δαπάνην
390 1210 648 1252 πεπιστευμένος
670 1210 724 1242 καὶ
747 1217 818 1248 τοῖς
841 1211 954 1248 ἵπποις
978 1210 1125 1252 ἐχορήγει

113 1263 314 1303 τάπιτήδεια,
329 1265 533 1305 συγκομίζων
548 1265 594 1301 εἰς
607 1264 646 1295 ὃν
661 1265 678 1296 ὁ
689 1265 844 1305 βασιλεὺς
858 1263 1001 1305 διέτριβε
1015 1266 1126 1296 τόπον.

179 1318 265 1356 <42>
288 1317 428 1357 τοσαύτη
453 1316 483 1348 δ’
509 1314 551 1357 ἦν
574 1317 616 1357 ἢν
640 1317 657 1349 ὁ
681 1318 761 1354 θεὸς
785 1319 963 1358 Σολομῶνι
986 1317 1126 1358 παρέσχε
1147 1325 1161 1348 5

113 1371 279 1410 φρόνησιν
297 1369 351 1401 καὶ
371 1371 505 1410 σοφιάν,
524 1370 568 1407 ὡς
588 1371 665 1407 τούς
683 1369 711 1401 τ’
731 1370 890 1411 ἀρχαίους
907 1370 1127 1411 ὑπερβάλλειν

73 1429 98 1449 2⁵
113 1422 315 1462 ἀνθρώπους
333 1422 387 1454 καὶ
407 1421 488 1463 μηδὲ
508 1424 585 1460 τοὺς
605 1424 819 1462 Αἰγυπτίους,
844 1424 879 1454 οἳ
894 1423 1029 1454 πάντων
1049 1432 1127 1454 συν-

114 1475 178 1507 έσει
195 1476 377 1515 διενεγκεῖν
390 1475 552 1515 λέγονται,
568 1475 850 1517 συγκρινομένους
864 1477 1036 1507 λείπεσθαι
1047 1475 1125 1516 παρ’

113 1529 238 1568 ὀλίγον,
264 1528 346 1560 ἀλλὰ
369 1528 423 1560 καὶ
447 1531 602 1560 πλεῖστον
626 1529 849 1569 ἀφεστηκότας
871 1534 928 1569 τῆς
951 1533 1010 1560 τοῦ
1035 1531 1127 1570 βασι-

114 1581 195 1619 λέως
227 1583 420 1623 φρονήσεως
453 1581 654 1623 ἐλέγχεσθαι.
705 1583 799 1622 (43)
828 1583 971 1623 ὑπερῆρε
1004 1580 1040 1613 δὲ
1072 1582 1126 1613 καὶ

115 1634 264 1675 διήνεγκε
288 1637 389 1677 σοφία
412 1634 465 1666 καὶ
491 1641 557 1666 τῶν
580 1636 661 1666 κατὰ
685 1636 744 1666 τὸν
768 1635 870 1666 αὐτὸν
888 1635 1005 1676 καιρὸν
1027 1636 1127 1673 δόξαν

75 1693 102 1713 ³⁰
116 1685 258 1727 ἐχόντων
289 1689 376 1728 παρὰ
410 1694 478 1725 τοῖς
506 1687 670 1728 Ἑβραίοις
704 1687 754 1719 ἐπὶ
793 1689 969 1728 δεινότητι·
1007 1686 1054 1720 ὧν
1087 1688 1127 1719 οὐ

187 1750 249 1779 §39
270 1761 301 1769 =
322 1751 337 1773 3
353 1748 419 1781 Reg.
436 1748 472 1774 IV
487 1752 528 1774 21.

168 1797 292 1816 Iosrvurs.
314 1798 343 1816 11.
934 1796 966 1818 12
