1261 1917
169 87 213 117 34
532 88 803 113 ΑΡΧΑῙΟΛΟΓΙΑΣ

169 168 284 208 ὅμοιον
312 166 440 211 ὀλέθρῳ
470 169 506 199 τὸ
535 168 681 199 θύεσθαι
704 172 806 199 ταῦτα
829 173 873 211 τῷ
897 172 973 211 θεῷ.
1009 170 1177 210 προσδόκα

168 223 283 252 τοίνυν
310 221 369 261 τὴν
398 222 568 261 βασιλείαν
591 220 897 262 ἀφαιρεθησόμενος
926 220 979 253 καὶ
1004 222 1064 261 τὴν
1088 221 1176 259 ἐξου-

169 275 259 313 σίαν,
291 272 348 313 ἀφ’
374 271 412 313 ἧς
445 273 633 314 ὁρμώμενος
666 278 724 305 τοῦ
756 275 981 314 παρασχόντος
1009 283 1060 305 σοι
1093 277 1177 305 θεοῦ

168 327 290 366 ταύτην
317 325 500 367 ἠμέλησας.’
554 326 661 366 <151>
690 326 842 363 Σάουλος
874 326 904 358 δ’
935 327 1062 358 ἀδικεῖν
1092 327 1176 367 ὡμο-

167 380 256 419 λόγει
285 378 338 410 καὶ
366 380 426 420 τὴν
454 379 615 420 ἁμαρτίαν
643 379 702 410 οὐκ
730 379 874 420 ἠρνεῖτο·
903 381 1089 420 παραβῆναι
1114 380 1203 421 γὰρ5
1244 392 1245 417 ;

167 433 224 469 τὰς
253 432 386 469 ἐντολὰς
413 437 472 463 τοῦ
501 433 688 473 προφήτου,
720 433 802 463 κατὰ
830 432 941 473 μέντοι
966 444 1001 472 γε
1026 431 1099 469 δέος
1122 431 1175 462 καὶ

167 485 225 516 τὸν
253 484 316 516 ἀπὸ
346 490 412 516 τῶν
437 490 644 525 στρατιωτῶν
668 486 776 526 φόβον
804 485 847 526 μὴ
871 488 1015 516 κωλῦσαι
1040 485 1176 526 διαρπά-

169 539 281 575 ζοντας
305 537 424 574 αὐτοὺς
447 538 507 577 τὴν
531 539 622 569 λείαν
646 536 721 578 μηδ’
749 537 901 578 ἐπισχεῖν.
948 537 1042 569 (ἀλλὰ
1064 539 1175 578 συγγί-

167 598 271 621 νωσκε
295 589 349 621 καὶ
373 595 477 632 πρᾷος
506 590 607 621 ι”σθι·’
640 590 845 631 φυλάξεσθαι
874 591 935 631 γὰρ
965 591 1011 627 εἰς
1039 590 1177 621 τούπιὸν

168 642 333 683 ἁμαρτεῖν.
375 643 549 683 παρεκάλει
577 641 612 674 δὲ
640 643 699 674 τὸν
728 643 902 683 προφήτην
925 642 1175 683 ὑποστρέψαντα
1192 653 1217 672 10
1243 640 1244 669 ἰ

167 697 288 732 θυσίας
311 697 542 736 χαριστηρίους
567 695 746 727 ἐπιτελέσαι
770 700 814 738 τῷ
833 698 910 738 θεῷ.
948 695 964 726 ὃ
986 695 1024 726 δέ
1042 694 1096 737 (οὐ
1113 697 1175 737 γὰρ

168 747 252 789 ἑώρα
280 748 338 778 τὸν
372 749 455 779 θεὸν
488 746 779 789 διαλλαττόμενον)
813 747 908 788 ἀπῄει
940 749 1022 789 πρὸς
1050 747 1175 779 ἑαυτόν.

167 801 274 841 <152>
299 800 450 837 Σάουλος
479 799 514 831 δὲ
543 806 716 841 κατασχεῖν
739 802 940 842 βουλόμενος
963 802 1020 832 τὸν
1044 801 1176 842 Σαμού-

166 856 247 893 ηλον
268 853 503 894 ἐλλαμβάνεται
523 858 580 894 τῆς
600 854 779 893 διπλοΐδος,
802 853 855 884 καὶ
875 855 984 894 βιαίας
1002 858 1059 894 τῆς
1079 854 1176 894 ὁλκῆς

167 907 221 937 διὰ
245 907 281 937 τὸ
306 905 380 947 μεθ’
408 906 510 947 ὁρμῆς
538 905 668 937 ἀπιέναι
692 906 750 937 τὸν
774 906 975 946 Σαμούηλον
998 906 1176 947 γενομένης
1192 916 1215 935 15

167 960 322 999 διασχίζει
352 960 387 990 τὸ
423 959 562 1000 ἶμάτιον.
614 959 722 998 <153>
750 963 809 990 τοῦ
842 957 877 990 δὲ
910 960 1082 1000 προφήτου
1116 959 1175 998 τὴν

166 1014 337 1052 βασιλείαν
360 1012 464 1049 οὕτως
482 1012 584 1043 αὐτοῦ
604 1012 838 1052 διασχισθῆναι
858 1012 1024 1052 φήσαντος
1041 1011 1096 1042 καὶ
1120 1013 1174 1052 λή-

168 1068 289 1102 ψεσθαι
313 1065 435 1104 ταύτην
459 1065 590 1104 ἀγαθὸν
612 1063 666 1095 καὶ
691 1065 820 1095 δίκαιον
842 1064 1008 1105 (ἐμμένειν
1031 1065 1092 1105 γὰρ
1117 1065 1175 1095 τὸν

166 1118 249 1149 θεὸν
263 1124 331 1155 τοῖς
345 1117 419 1159 περὶ
435 1118 536 1148 αὐτοῦ
551 1116 765 1158 κεκριμένοις,
783 1117 826 1154 ὡς
841 1122 899 1148 τοῦ
914 1117 1174 1158 μεταβάλλεσθαι
1195 1147 1200 1152 ,

166 1169 219 1201 καὶ
248 1170 402 1211 στρέφειν
430 1171 490 1210 τὴν
518 1171 652 1211 γνώμην
676 1170 892 1210 ἀνθρωπίνου
916 1170 1046 1207 πάθους
1070 1171 1174 1209 ὄντος,
1190 1179 1215 1198 20
1240 1175 1241 1190 ³

166 1222 239 1263 οὐχὶ
268 1225 362 1260 θείας
391 1222 533 1265 ἰσχύος),
566 1224 674 1263 (154)
704 1223 721 1254 ὁ
751 1223 902 1260 Σάουλος
929 1223 1085 1264 ἀσεβῆσαι
1115 1221 1174 1263 μὲν
1254 1218 1255 1227 ’

167 1277 287 1315 ἔλεγεν,
302 1275 442 1316 ἀγένητα
458 1274 493 1307 δὲ
509 1281 643 1316 ποιῆσαι
658 1276 696 1306 τὰ
711 1275 922 1317 πεπραγμένα
935 1276 977 1316 μὴ
994 1276 1173 1306 δύνασθαι·

166 1330 301 1368 τιμῆσαί
331 1340 366 1368 γε
400 1329 464 1369 μὴν
497 1328 598 1359 αὐτὸν
630 1328 820 1369 παρεκάλει,
852 1327 905 1358 καὶ
938 1332 996 1358 τοῦ
1024 1329 1174 1367 πλήθους

166 1380 310 1421 ὁρῶντος
330 1383 391 1412 σὺν
406 1381 492 1423 αὐτῷ
512 1382 779 1422 παραγενόμενον
794 1385 837 1422 τῷ
857 1383 925 1423 θεῷ
940 1385 1173 1420 προσκυνῆσαι.

166 1434 281 1464 δίδωσι
307 1432 341 1465 δὲ
362 1438 458 1465 τοῦτο
479 1434 676 1474 Σαμούηλος
696 1434 793 1476 αὐτῷ,
812 1432 865 1464 καὶ
881 1433 1054 1464 συνελθὼν
1074 1442 1173 1472 προσ-
1189 1441 1213 1460 2¹5

165 1492 259 1517 κυνεῖ
281 1491 325 1529 τῷ
349 1490 426 1529 θεῷ.
473 1487 580 1526 <lb-5>
604 1487 715 1526 ἄγεται
742 1485 777 1517 δὲ
801 1485 853 1517 καὶ
878 1486 894 1517 ὁ
919 1491 985 1516 τῶν
1006 1484 1173 1526 Ἀμαληκι-

165 1545 231 1569 τῶν
255 1541 407 1579 βασιλεὺς
422 1539 562 1579 ’Ἀγαγος
585 1540 666 1579 πρὸς
686 1539 794 1570 αὐτόν.
840 1537 893 1569 καὶ
915 1537 1172 1578 πυνθανομένου

164 1597 232 1627 πῶς
257 1594 305 1631 εἰη
329 1592 444 1632 πικρὸς
468 1592 484 1623 ὁ
508 1592 664 1628 θάνατοςἢ
688 1589 792 1627 εἶπεν,
818 1591 877 1628 (ὡς
905 1592 945 1621 σὺ
969 1591 1090 1627 πολλὰς
1114 1602 1172 1630 μη-

164 1644 259 1684 τέρας
274 1643 435 1684 Ἐβραίων
452 1643 503 1675 ἐπὶ
523 1644 649 1681 τέκνοις
668 1644 847 1684 ὀδύρεσθαι
868 1642 920 1674 καὶ
941 1642 1065 1679 πένθος
1079 1644 1172 1682 ἄγειν

165 1696 327 1737 ἐποίησας,
351 1697 454 1733 οὕτως
478 1697 650 1736 ὀδυνήσεις
675 1695 723 1727 ε’πὶ
746 1701 853 1738 σαυτῷ
874 1695 1092 1736 διαφθαρέντι
1112 1695 1172 1735 τὴν
1186 1704 1211 1722 30
1234 1704 1236 1720 ¹

237 1760 313 1788 §151
337 1757 556 1790 =1Reg.XV
573 1761 613 1782 ει.
