1261 1917
182 66 246 97 190
547 67 818 92 ΑΡΧΑΙΟΛΟΓΙΑΣ

182 152 251 184 τοῖς
274 146 408 187 ’ἡγεμόσι
433 145 486 178 καὶ
511 152 580 184 τοῖς
602 145 836 188 πρεσβυτέροις
859 153 925 178 τῶν
941 146 1101 188 Ἑβραίων
1125 145 1191 178 ἐκέ-

182 202 298 231 λευσεν
327 199 453 231 ἅπαντα
481 201 539 231 τὸν
567 200 648 231 λαὸν
677 205 876 240 συναγαγεῖν
904 201 950 238 εἰς
970 199 1189 241 Ἱεροσόλυμα,

182 252 346 293 ὀψόμενόν
368 263 401 283 τε
421 253 479 283 τὸν
498 253 580 283 ναὸν
600 250 653 283 καὶ
673 257 931 293 μετακομιοῦντα
950 253 1010 292 τὴν
1029 256 1087 283 τοῦ
1107 255 1189 283 θεοῦ

180 305 321 345 κιβωτὸν
352 305 398 341 εἰς
426 305 535 336 αὐτόν.
582 305 697 344 <1ΟΟ>
727 303 780 335 καὶ
810 307 1103 346 περιαγγελθείσης
1132 308 1190 344 τῆς

181 358 228 394 εἰς
251 358 289 388 τὰ
308 356 517 398 Ἱεροσόλυμα
541 362 641 388 πᾶσιν
669 357 809 398 ἀφίξεως
838 357 964 400 ἑβδόμῳ
992 356 1069 398 μηνὶ
1096 358 1215 398 μόλις5

182 411 349 450 συνίασιν,
377 411 440 441 ὑπὸ
469 409 529 451 μὲν
557 416 623 441 τῶν
647 409 829 451 ἐπιχωρίων
856 409 951 451 Θισρὶ
975 411 1038 441 ὑπὸ
1064 408 1099 441 δὲ
1123 415 1189 440 τῶν

181 463 388 494 Μακεδόνων
402 461 653 505 ’Τπερβερεταίῳ
675 462 847 505 λεγομένῳ.
888 462 1070 503 συνέδραμε
1091 461 1121 493 δ’
1144 463 1190 499 εἰς

181 516 239 546 τὸν
263 515 364 546 αὐτὸν
387 517 508 556 χρόνον
530 514 585 546 καὶ
609 515 626 547 ὁ
650 520 707 555 τῆς
730 517 950 555 σκηνοπηγίας
973 517 1095 556 καιρός,
1120 514 1190 556 ἑορ-

181 573 239 608 τῆς
263 568 391 608 σφόδρα
419 569 506 608 παρὰ
534 573 603 604 τοῖς
622 567 785 609 Ἑβραίοις
813 568 992 608 ἁγιωτάτης
1020 567 1073 599 καὶ
1102 569 1191 609 μεγί-

183 628 268 659 στης.
314 620 429 660 <1Ο1>
459 620 678 660 βαστάσαντες
706 618 766 652 οὖν
794 621 854 660 τὴν
881 622 1022 661 κιβωτὸν
1050 619 1102 652 καὶ
1132 620 1192 660 τὴν
1206 630 1231 649 10

183 672 307 712 σκηνὴν
330 671 371 712 ἣν
394 674 543 713 Μωυσῆς
567 672 718 713 ἐπήξατο,
746 672 800 704 καὶ
828 673 934 704 πάντα
962 674 1001 704 τὰ
1027 674 1108 713 πρὸς
1131 673 1191 712 τὴν

184 725 356 756 διακονίαν
384 730 450 756 τῶν
478 728 608 756 θυσιῶν
638 731 696 757 τοῦ
724 729 808 757 θεοῦ
837 727 950 766 σκεύη,
982 726 1192 767 μετεκόμιζον

184 779 230 815 εἰς
258 779 316 809 τὸν
343 779 434 809 ναόν.
484 783 632 819 προῆγον
658 777 694 809 δὲ
718 779 797 819 μετὰ
823 782 954 810 θυσιῶν
983 778 1080 815 αὐτός
1108 777 1143 809 θ’
1174 778 1191 809 ὁ

184 832 338 871 βασιλεὺς
360 829 413 862 καὶ
439 831 455 861 ὁ
476 832 553 868 λαὸς
571 831 655 868 ἅπας
675 830 729 862 καὶ
754 831 788 862 οἱ
806 834 953 871 Λευῖται,
978 832 1136 868 σπονδαῖς
1158 842 1192 862 τε

183 882 237 914 καὶ
257 886 389 914 πολλῶν
405 883 533 924 ἶερείων
548 884 659 924 αἵματι
678 885 738 923 τὴν
758 884 837 915 ὁδὸν
854 887 1120 922 καταντλοῦντες,
1138 881 1193 914 καὶ
1208 893 1232 912 15

184 940 371 977 θυμιῶντες
394 937 530 977 ἄπειρόν
554 949 584 967 τι
607 936 826 977 θυμιαμάτων
849 940 992 977 πλῆθος,
1020 937 1126 976 <102>
1150 936 1194 973 ὡς

185 990 311 1020 ἅπαντα
334 989 392 1019 τὸν
415 988 507 1029 πέριξ
532 988 611 1029 ἀέρα
630 988 887 1030 πεπληρωμένον
905 988 959 1020 καὶ
979 995 1048 1026 τοῖς
1066 1000 1193 1030 πορρω-

184 1042 268 1073 τάτω
297 1041 518 1082 τυγχάνουσιν
546 1041 631 1081 ἡδὺν
659 1041 822 1079 ἀπαντᾶν,
849 1041 904 1073 καὶ
932 1043 1102 1083 γνωρίζειν
1127 1041 1193 1072 ε’πι-
1250 1072 1251 1081 ¹

186 1096 306 1136 δημιάν
330 1098 413 1125 θεοῦ
436 1093 490 1125 καὶ
510 1096 731 1135 κατοικισμόν,
754 1093 823 1125 κατ’
847 1094 1065 1136 ἀνθρωπίνην
1084 1094 1209 1137 δόξανᾋ

1207 1156 1234 1175 20

1255 1313 1261 1348 λ

1208 1419 1233 1438 25

1249 1494 1253 1651 λ

186 1149 232 1184 εἰς
260 1148 461 1188 νεοδόμητον
489 1147 576 1190 αὐτῷ
604 1146 657 1178 καὶ
690 1146 938 1188 καθιερωμένον
970 1148 1104 1188 χωρίον·
1138 1146 1191 1178 καὶ

186 1202 247 1241 γὰρ
267 1199 339 1231 οὐδ’
356 1200 538 1240 ὑμνοῦντες
553 1199 629 1231 οὐδὲ
645 1201 837 1241 χορεύοντες
856 1200 917 1237 ἕως
935 1202 1017 1241 πρὸς
1036 1201 1094 1231 τὸν
1112 1200 1194 1231 ναὸν

184 1250 293 1293 ἦλθον
317 1254 446 1293 ἔκαμον.
492 1253 608 1293 <lot-3>
632 1254 735 1295 τούτῳ
760 1251 820 1293 μὲν
849 1250 909 1284 οὖν
932 1258 976 1295 τῷ
1002 1254 1111 1295 τρόπῳ
1135 1252 1195 1292 τὴν

185 1307 327 1346 κιβωτὸν
350 1306 563 1346 μετήνεγκαν·
593 1306 636 1342 ὡς
660 1304 689 1336 δ’
717 1307 763 1342 εἰς
790 1306 826 1336 τὸ
855 1306 978 1336 ἄδυτον
1002 1305 1105 1345 αὐτὴν
1131 1306 1195 1336 εἰσ-

186 1363 331 1398 ενεγκεῖν
355 1359 436 1397 ἔδει,
460 1359 496 1389 τὸ
520 1356 580 1399 μὲν
603 1359 683 1389 ἄλλο
707 1361 836 1399 πλῆθος
860 1357 1009 1399 μετέστη,
1037 1359 1134 1398 μόνοι
1158 1356 1194 1388 δὲ

185 1413 377 1452 κομίσαντες
409 1411 444 1441 οἱ
470 1411 568 1452 [ερεῖς
600 1412 718 1451 μεταξὺ
751 1416 817 1442 τῶν
849 1409 1006 1452 χερουβὶμ
1038 1416 1104 1441 τῶν
1132 1411 1192 1441 δύο

185 1464 376 1495 κατέθεσαν.
423 1465 460 1494 αἳ
481 1462 517 1495 δὲ
541 1465 618 1501 τοὺς
640 1466 781 1505 ταρσοὺς
801 1462 1020 1504 συμπλέξασαι
1044 1462 1111 1504 (καὶ
1131 1464 1193 1504 γὰρ

186 1517 290 1553 οὕτως
318 1514 402 1557 ’ἦσαν
432 1517 495 1547 ὑπὸ
524 1521 583 1547 τοῦ
616 1518 765 1557 τεχνίτου
793 1515 1101 1556 κατεσκευασμέναι)
1134 1516 1194 1555 τὴν

185 1570 327 1610 κιβωτὸν
355 1569 398 1606 ὡς
426 1569 489 1600 ὑπὸ
519 1573 620 1609 σκηνῇ
649 1567 714 1600 τινὶ
742 1568 795 1599 καὶ
823 1570 914 1611 θόλῳ
941 1567 1193 1599 κατεσκέπασαν.

185 1622 293 1662 <104>
318 1620 382 1662 εἶχε
406 1621 436 1652 δ’
462 1621 482 1661 ἡ
506 1622 643 1662 κιβωτὸς
666 1619 765 1652 οὐδὲν
793 1621 904 1662 ἕτερον
933 1620 951 1660 ἢ
976 1621 1036 1651 δύο
1061 1622 1194 1658 λιθίνας

186 1675 324 1713 πλάκας,
361 1676 398 1705 αἳ
427 1676 503 1711 τοὺς
541 1673 618 1705 δέκα
650 1675 769 1714 λόγους
805 1676 882 1711 τοὺς
915 1674 977 1704 ὑπὸ
1015 1678 1074 1704 τοῦ
1111 1677 1193 1705 θεοῦ
1207 1682 1233 1702 30

258 1738 272 1766 ξ
290 1738 339 1761 100
360 1748 391 1757 =
413 1738 427 1761 3
443 1735 510 1767 Reg.
526 1734 589 1760 VIII
605 1738 633 1765 23
654 1738 668 1760 2
684 1734 773 1760 Paral.
789 1734 813 1760 V
828 1737 851 1760 3.
