1261 1917
492 42 641 66 ΕΒΔΟΜΗ
1007 38 1069 69 125

55 123 142 160 θοὺς
169 119 253 153 εἶναι
282 126 326 164 τῷ
355 121 451 162 πατρὶ
481 120 550 162 τάχ’
582 121 692 152 αὐτῶν
720 119 773 152 καὶ
807 120 928 157 ἀδίκως
962 119 1071 151 ἐπται-

57 176 162 206 κότων
190 173 262 215 περὶ
293 174 353 214 τὴν
381 176 505 215 κρίσιν,
539 174 672 205 εὔνοιαν
701 173 789 215 αὑτῷ
821 173 909 213 παρὰ
937 172 1070 203 πάντων

57 228 282 265 κατεσκεύαζε,
311 226 416 266 λέγων
441 227 484 263 ὡς
508 227 606 264 αὐτὸς
629 227 685 266 ἄν,
714 227 744 257 εἰ
770 225 894 265 ταύτην
922 222 986 266 εἶχε
1011 226 1071 265 τὴν

58 279 225 319 ἐξουσίαν,
253 280 379 319 πολλὴν
403 280 515 316 αὐτοῖς
544 279 722 320 ἐβράβευεν
748 278 915 319 εὐνομίαν.
961 278 1069 317 <196>

30 341 43 361 ⁵
58 333 188 370 τούτοις
213 333 420 374 δημαγωγῶν
443 333 479 363 τὸ
503 335 642 372 πλῆθος,
668 332 712 369 ὡς
735 332 874 372 βεβαίαν
898 331 984 371 ἔχειν
1008 331 1070 370 ἤδη

58 385 119 425 τὴν
141 386 228 426 παρὰ
252 391 318 416 τῶν
338 387 445 426 ὄχλων
465 385 599 416 εὔνοιαν
619 384 754 425 ἐνόμιζε,
777 384 856 424 μετὰ
877 381 912 414 δὲ
932 383 993 423 τὴν
1012 387 1071 414 τοῦ

57 439 181 477 πατρὸς
203 438 304 469 αὐτοῦ
324 438 531 478 καταλλαγὴν
554 437 717 479 τεττάρων
737 437 819 468 ἐτῶν
838 437 900 476 ἤδη
921 437 1071 476 διεληλυ-

58 491 185 530 θότων,
223 490 326 522 ἐδεῖτο
360 491 556 531 προσελθὼν
589 491 635 527 εἰς
669 492 827 531 Χεβρῶνα
861 494 1071 531 συγχωρῆσαι

58 542 255 584 πορευθέντι
288 545 414 575 θυσίαν
442 543 624 574 ἀποδοῦναι
653 548 697 585 τῷ
726 546 808 586 θεῷ·
842 544 977 584 φεύγων
1009 543 1071 582 γὰρ

20 604 44 625 ιο
59 600 156 627 τοῦτο
181 596 349 633 εὔξασθαι.
386 601 445 628 τοῦ
469 594 505 627 δὲ
524 595 677 627 Δαυίδου
701 596 761 636 τὴν
781 595 917 634 ἀξίωσιν
936 595 1072 637 ἐφέντος

58 649 247 689 πορεύεται,
275 648 327 679 καὶ
353 651 455 686 πολὺς
479 648 755 689 ἐπισυνέρρευσεν
779 651 889 689 ὄχλος,
919 647 970 680 ἐπὶ
994 651 1073 680 πολ-

59 703 138 738 λοὺς
161 701 263 732 αὐτοῦ
288 701 542 742 διαπέμψαντος.

125 754 233 793 <19ῖ>
256 759 365 794 παρῆν
389 752 425 785 δὲ
449 753 501 785 καὶ
528 754 544 785 ὁ
569 755 722 785 Δαυίδου
747 755 933 794 σύμβουλος
957 754 973 785 ὁ
995 755 1072 784 Γελ-

58 812 203 848 μωναῖος
232 805 454 847 Ἀχιτόφελος,
491 806 544 838 καὶ
578 808 744 838 διακόσιοί
779 818 865 844 τινες
898 806 930 844 ἐξ
964 806 1074 837 αὐτῶν

21 868 45 888 1⁵
56 858 308 900 Ἱεροσολύμων,
334 860 394 891 οὐκ
419 860 541 897 εἰδότες
565 857 625 900 μὲν
648 860 708 899 τὴν
733 859 948 901 ἐπιχείρησιν,
973 859 1016 897 ὡς
1041 858 1070 890 δ’

60 911 111 944 ἐπὶ
135 914 261 944 θυσίαν
284 912 545 953 μετεσταλμένοι.
591 911 645 943 καὶ
674 914 828 953 βασιλεὺς
852 913 916 944 ὑπὸ
940 913 1074 944 πάντων

58 965 302 1005 ἀποδείκνυται,
326 969 423 996 τοῦτο
443 964 599 1005 γενέσθαι
622 966 856 1006 στρατηγήσας.
898 966 1006 1006 <198>
1030 967 1074 1003 ὡς

59 1017 89 1049 δ’
111 1017 277 1058 ἀπηγγέλη
302 1022 403 1049 ταῦτα
426 1019 558 1059 Δαυίδῃ
582 1017 636 1049 καὶ
660 1017 737 1059 παρ’
765 1018 899 1056 ἐλπίδας
923 1019 1011 1062 αὐτῷ
1035 1020 1073 1050 τὰ

59 1072 145 1112 παρὰ
165 1075 224 1102 τοῦ
243 1072 361 1108 παιδὸς
380 1071 541 1111 ἠκούσθη,
561 1072 672 1108 δείσας
691 1072 756 1112 ἅμα
775 1071 829 1103 καὶ
848 1077 906 1112 τῆς
924 1072 1075 1113 ἀσεβείας

21 1132 47 1152 20
60 1123 113 1155 καὶ
137 1129 194 1164 τῆς
216 1125 338 1164 τόλμης
356 1123 458 1155 αὐτὸν
477 1124 663 1165 θαυμάσας,
687 1124 736 1155 ὅτι
756 1123 837 1165 μηδὲ
859 1129 915 1165 τῆς
935 1124 984 1156 ἐπὶ
1006 1131 1075 1162 τοῖς

60 1175 300 1218 ἡμαρτημένοις
329 1177 524 1217 συγγνώμης
552 1177 809 1218 ἐμνημόνευσεν,
838 1176 909 1209 ἀλλ’
940 1177 1075 1209 ἐκείνων

60 1231 145 1261 πολὺ
169 1230 293 1270 χείροσι
316 1228 369 1260 καὶ
393 1229 683 1271 παρανομωτέροις
707 1230 896 1271 ἐπεβάλετο,
925 1233 1075 1273 βασιλείᾳ

60 1287 192 1323 πρῶτον
219 1280 279 1322 μὲν
306 1282 371 1312 ὑπὸ
400 1285 483 1313 θεοῦ
512 1283 551 1314 οὐ
581 1282 755 1324 δεδομένῃ,
785 1284 941 1325 δεύτερον
965 1283 995 1314 δ’
1023 1283 1072 1315 ἐπ’

62 1333 233 1376 ἀφαιρέσει
258 1338 316 1365 τοῦ
341 1336 589 1375 γεγεννηκότος,
618 1337 702 1375 ἔγνω
727 1337 864 1376 φεύγειν
889 1337 936 1374 εἰς
959 1338 997 1367 τὰ
1021 1336 1075 1367 πέ-

24 1395 49 1416 2⁵
63 1399 125 1428 ραν
148 1392 207 1418 τοῦ
228 1386 407 1427 Ἰορδάνου.
449 1388 557 1428 <199>
582 1387 636 1419 καὶ
661 1388 863 1428 συγκαλέσας
882 1395 948 1420 τῶν
968 1391 1076 1430 φίλων

63 1441 139 1477 τοὺς
167 1439 464 1480 ἐπιτηδειοτάτους,
492 1440 545 1472 καὶ
574 1440 649 1483 περὶ
679 1447 736 1482 τῆς
764 1447 823 1473 τοῦ
851 1443 968 1479 παιδὸς
997 1442 1075 1474 ἀπο-

64 1494 156 1530 νοίας
178 1493 496 1534 κοινολογησάμενος
520 1494 646 1532 αὐτοῖς,
675 1494 728 1526 καὶ
752 1494 827 1536 περὶ
851 1495 984 1526 πάντων
1009 1495 1075 1526 ε’πι-

64 1545 184 1586 τρέψας
207 1551 299 1588 κριτῇ
325 1551 369 1589 τῷ
393 1549 476 1589 θεῷ,
505 1548 693 1579 καταλιπὼν
716 1549 754 1579 τὰ
779 1550 928 1589 βασίλεια
952 1548 1076 1589 φυλάτ-

66 1609 133 1630 τειν
153 1599 230 1630 δέκα
249 1601 457 1639 παλλακίσιν,
476 1600 601 1641 ἀπῆρεν
621 1600 655 1632 ἐκ
675 1600 998 1643 τῶνἹεροσολύμων,
1018 1606 1077 1632 τοῦ

27 1659 53 1678 ³0
66 1650 94 1682 τ’
124 1652 225 1684 ἄλλου
258 1653 409 1693 πλήθους
441 1654 623 1694 προθύμως
655 1655 742 1697 αὐτῷ
774 1654 1078 1695 συνεξορμήσαντος

137 1714 151 1743 ξ
172 1715 222 1738 196
243 1726 276 1734 =
296 1716 310 1738 2
330 1713 397 1746 Reg.
419 1712 469 1738 XV
487 1716 509 1738 7.

1092 762 1107 785 ιθ
