1261 1917
105 708 120 731 3

145 94 188 124 54
514 97 783 122 ΑΡΧΑΙΟΛΟΓΙΑΣ

145 173 226 212 λέως
246 176 381 206 οἰκετῶν
400 174 452 206 καὶ
474 177 617 217 φανερὸς
638 177 724 218 αὐτῷ
748 178 933 217 γενόμενος,
957 180 1150 218 μηνυόντων

144 226 278 258 ἐκείνων
298 228 346 259 ὅτι
362 230 510 268 Δαυίδης
531 229 546 260 ὁ
567 230 689 266 πολλὰς
708 229 900 267 ἀποκτείνας
917 232 1149 262 Παλαιστινῶν

142 280 306 320 μυριάδας
331 283 390 321 εῐη,
414 282 524 318 δείσας
543 282 586 322 μὴ
605 282 686 323 πρὸς
705 282 806 313 αὐτοῦ
826 283 913 323 θάνῃ
932 282 985 314 καὶ
1005 285 1062 314 τὸν
1081 285 1148 314 κίν-

142 333 245 363 δυνον
265 333 303 364 ὃν
324 332 458 374 ἐξέφυγε
479 334 565 375 παρὰ
581 335 736 365 Σαούλου
756 333 831 375 παρ’
855 334 981 366 ἐκείνου
1000 336 1148 377 πειράσῃ,

141 392 365 425 προσποιεῖται
389 388 511 426 μανίαν
534 385 587 417 καὶ
612 387 750 425 λύσσαν,
780 387 823 424 ὡς
851 387 958 428 ἀφρὸν
986 389 1065 419 κατὰ
1089 393 1147 419 τοῦ

141 439 300 478 στόματος
323 438 424 470 αὐτοῦ
449 441 633 480 φερόμενον
652 439 704 470 καὶ
725 437 825 471 τᾶλλα
846 439 875 470 δ’
898 441 957 471 ὅσα
977 443 1146 480 συνίστησι

140 492 262 530 μανίαν
284 493 395 522 πίστιν
418 493 504 532 παρὰ
528 497 572 534 τῷ
596 498 662 523 τῶν
688 493 812 523 Γιττῶν
841 495 970 533 βασιλεῖ
992 493 1146 532 γενέσθαι

140 547 197 582 τῆς
222 544 332 574 νόσου.
380 545 487 584 <246>
515 544 567 575 καὶ
597 551 665 582 τοῖς
692 545 832 582 οἰκέταις
860 546 1147 587 προσδυσχεράνας

140 595 184 632 ὡς
209 596 352 636 ἔκφρονα
376 598 457 637 πρὸς
481 597 581 628 αὐτὸν
605 597 758 637 ἀγάγοιεν
781 599 976 638 ἄνθρωπον,
1001 597 1147 629 ἐκέλευσε

140 649 199 678 τὸν
222 649 376 688 Δαυίδην
400 649 443 686 ὡς
467 649 563 690 τάχος
587 649 764 690 ἐκβάλλειν.

207 701 314 740 <247>
339 701 515 738 διασωθεὶς
544 700 573 732 δ’
600 702 704 739 οὕτως
733 702 766 733 ἐκ
790 707 846 742 τῆς
872 704 986 742 Γίττης
1015 704 1060 739 είς
1087 704 1147 742 τὴν

137 752 244 784 Ἰούδα
263 756 475 794 παραγίνεται
500 755 620 794 φυλήν,
644 754 694 785 καὶ
723 754 757 785 ἐν
781 759 825 796 τῷ
846 756 927 795 πρὸς
944 753 1146 796 Ἀδουλλάμῃ

139 807 231 836 πόλει
256 808 402 848 σπηλαίῳ
428 806 606 847 διατρίβων
629 806 744 847 πέμπει
769 808 850 847 πρὸς
874 808 949 843 τοὺς
972 807 1146 848 ἀδελφούς,

140 858 249 897 δηλῶν
273 858 384 895 αὐτοῖς
408 860 490 889 ἔνθα
515 862 573 898 εἴη.
620 861 654 889 οἳ
676 857 709 890 δὲ
734 860 813 899 μετὰ
832 860 935 899 πάσης
955 862 1146 900 συγγενείας

139 908 220 951 ἧκον
243 912 324 952 πρὸς
348 911 458 949 αὐτόν,
482 910 534 942 καὶ
559 917 625 942 τῶν
648 912 757 942 ἄλλων
781 911 811 942 δ’
838 912 927 948 ὅσοις
952 911 969 951 ἢ
991 914 1081 953 χρεία
1105 911 1146 952 ’ἧν

141 963 159 1003 ἢ
184 965 288 1004 φόβος
312 963 345 994 ἐκ
370 964 525 995 Σαούλου
549 969 607 994 τοῦ
627 964 794 1004 βασιλέως,
819 965 1047 1005 συνερρύησαν
1065 966 1147 1006 πρὸς

140 1015 255 1055 αὐτόν,
284 1015 336 1047 καὶ
366 1022 473 1047 ποιεῖν
501 1018 539 1047 τὰ
568 1016 680 1059 ἐκείνῳ
710 1017 869 1047 δοκοῦντα
899 1015 1033 1057 ἑτοίμως
1062 1019 1146 1058 ἔχειν

141 1070 262 1108 ἔλεγον.
300 1067 451 1108 ἐγένοντο
470 1067 499 1099 δ’
517 1069 550 1099 οἱ
567 1069 685 1105 πάντες
700 1068 775 1099 ὡσεὶ
792 1070 1000 1109 τετρακόσιοι.
1038 1070 1145 1110 <248>

140 1122 311 1162 θαρρήσας
340 1120 370 1151 δ’
399 1121 443 1158 ὡς
470 1120 521 1152 καὶ
552 1122 660 1162 χειρὸς
687 1122 773 1164 αὐτῷ
802 1120 851 1152 καὶ
883 1124 1056 1162 συνεργίας
1083 1123 1145 1162 ἤδη

140 1173 452 1214 προσγεγενημένης,
477 1174 602 1215 ἀπάρας
626 1173 754 1205 ἐκεῖθεν
778 1174 962 1214 ἀφικνεῖται
986 1176 1066 1215 πρὸς
1089 1176 1147 1206 τὸν

140 1232 206 1257 τῶν
226 1228 415 1266 Μωαβιτῶν
438 1226 582 1266 βασιλέα,
606 1225 659 1257 καὶ
679 1228 756 1263 τοὺς
775 1232 882 1266 γονεῖς
901 1226 1002 1257 αὐτοῦ
1023 1228 1069 1263 εἰς
1087 1227 1147 1267 τὴν

140 1279 242 1310 αὑτοῦ
266 1279 376 1319 χώραν
400 1278 673 1319 προσδεξάμενον,
698 1279 757 1316 ἕως
780 1278 821 1310 ἂν
845 1284 912 1321 γνῷ
935 1280 971 1310 τὸ
995 1278 1063 1310 κατ’
1090 1280 1146 1310 αὐ-

139 1332 197 1362 τὸν
229 1331 321 1368 τέλος
354 1333 439 1371 ἔχειν
467 1331 650 1371 παρεκάλει.
696 1332 955 1368 κατανεύσαντος
985 1330 1014 1362 δ’
1045 1332 1146 1363 αὐτοῦ

139 1384 199 1424 τὴν
223 1384 329 1425 χάριν,
353 1383 406 1415 καὶ
431 1384 535 1423 πάσης
558 1385 635 1421 τοὺς
660 1390 767 1424 γονεῖς
790 1389 849 1415 τοῦ
868 1385 1019 1415 Δαυίδου
1043 1389 1146 1425 τιμῆς,

139 1435 216 1477 παρ’
251 1437 290 1468 ὃν
328 1436 507 1477 ἐτύγχανον
542 1435 618 1477 παρ’
653 1437 740 1479 αὐτῷ
777 1438 912 1477 χρόνον,
949 1436 1146 1474 ἀξιώσαντος

141 1490 256 1529 (249)
285 1490 397 1529 αὐτός,
431 1494 489 1520 τοῦ
517 1490 689 1530 προφήτου
717 1490 930 1526 κελεύσαντος
957 1489 1057 1520 αὐτὸν
1088 1490 1147 1529 τὴν

141 1540 200 1582 μὲν
225 1541 363 1582 ἐρημίαν
387 1541 546 1579 ἐκλιπεῖν,
570 1541 776 1581 πορευθέντα
800 1540 830 1572 δ7
857 1543 903 1578 εἰς
926 1541 985 1580 τὴν
1008 1544 1145 1582 κληρου-

141 1595 216 1634 χιάν
240 1599 296 1634 τῆς
318 1593 423 1624 Ἰούδα
448 1596 555 1633 φυλῆς
579 1593 614 1624 ἐν
639 1594 720 1634 αὐτῇ
745 1593 881 1633 διάγειν,
905 1595 1069 1633 πείθεται,
1093 1593 1143 1624 καὶ

140 1647 404 1686 παραγενόμενος
440 1647 485 1682 εἰς
519 1646 633 1686 Σάρην
670 1647 767 1676 πόλιν
805 1645 840 1676 ἐν
872 1646 952 1686 αὐτῇ
985 1645 1145 1687 κατέμενε.

141 1699 248 1739 <250>
274 1698 424 1735 Σάουλος
449 1697 478 1729 δ’
506 1698 646 1734 ἀκούσας
675 1698 721 1729 ὅτι
747 1699 824 1738 μετὰ
849 1699 998 1738 πλήθους
1024 1699 1145 1739 ὀφθείη

213 1761 227 1790 g
247 1761 298 1784 245
319 1771 351 1780 =
375 1763 384 1784 1
407 1758 474 1791 Reg.
495 1758 557 1783 XXI
576 1762 614 1784 10.

1163 662 1187 680 10

1162 923 1185 942 15

1162 1185 1188 1204 20

1161 1446 1186 1465 25

1160 1707 1186 1726 30
