1261 1917
179 96 242 127 278
545 98 814 123 ΑΡΧΑΙΟΛΟΓΙΑΣ

178 175 281 218 μηδὲν
313 176 528 217 ἀπαγγέλλειν
561 182 605 220 τῷ
638 180 767 218 βασιλεῖ
798 179 913 217 κακόν,
948 179 1036 218 ἔλεγε
1070 177 1100 208 δ’
1137 178 1184 209 ὅτι

179 229 377 269 τεθνήξεται.
418 229 470 261 καὶ
497 230 513 261 ὁ
538 229 598 270 μὲν
622 230 748 270 οἰκέτης
771 235 830 262 τοῦ
854 230 1012 271 βασιλέως
1036 230 1184 262 ἐλυπεῖτο

179 280 267 313 ταῦτ’
294 282 444 321 ἀκούσας,
469 283 485 313 ὁ
511 281 540 313 δ’
564 281 745 320 Ἐλισσαῖος
769 284 875 314 ε”κλαιε
901 283 951 314 καὶ
977 286 1111 320 πολλοῖς
1135 283 1185 324 ἐρ-

177 340 264 376 ρεῖτο
290 335 453 376 δακρύοις,
477 336 708 376 προορώμενος
732 336 751 366 ἃ
774 336 911 377 πάσχειν
935 336 951 367 ὁ
972 337 1050 373 λαὸς
1075 337 1185 377 ἔμελλε

175 388 256 418 κακὰ
281 388 359 428 μετὰ
383 387 442 427 τὴν
464 386 603 419 Ἀδάδου
628 389 789 427 τελευτήν.
836 389 921 428 <91>
948 388 1185 429 ἀνακρίναντος

176 438 205 471 δ’
232 440 334 471 αὐτὸν
355 439 510 480 Ἀζαήλου
534 441 593 480 τὴν
618 442 726 472 αἰτίαν
750 446 807 481 τῆς
830 442 1031 482 συγχύσεως,
1060 440 1184 472 “κλαίω’

176 495 260 533 φησί
287 492 333 523 ’τὸ
363 496 493 533 πλῆθος
520 499 586 524 τῶν
612 492 821 534 Ἰσραηλιτῶν
854 493 954 525 ἐλεῶν
987 491 1034 525 ὧν
1062 494 1095 524 ἐκ
1125 498 1184 525 σοῦ

175 547 319 576 πείσεται
344 546 472 576 δεινῶν.
515 545 703 583 ἀποκτενεῖς
726 547 787 587 γὰρ
808 546 917 577 αὐτῶν
936 548 1012 583 τοὺς
1031 546 1185 587 ἀρίστους

174 597 228 628 καὶ
253 598 310 635 τὰς
333 598 540 639 ὀχυρωτάτας
563 600 674 636 πόλεις
699 598 886 639 ἐμπρήσεις,
910 598 963 630 καὶ
987 599 1101 629 παιδιά
1125 597 1185 639 μὲν

175 650 307 687 ἀπολεῖς
326 652 535 692 προσρηγνὺς
551 650 693 692 πέτραις,
713 652 770 688 τὰς
789 650 818 682 δ’
838 651 974 691 ἐγκύους
994 650 1185 692 ἀναρρήξεις

174 703 353 743 γυναῖκας’
401 704 493 744 <92>
517 708 576 735 τοῦ
602 703 631 734 δ’
655 703 810 743 Ἀζαήλου
835 703 988 743 λέγοντος
1015 704 1099 735 ’τίνα
1123 705 1184 745 γὰρ

174 757 269 796 ἰσχὺν
290 755 325 786 ἐν
344 754 415 796 ἐμοὶ
436 756 633 796 τηλικαύτην
653 754 736 787 εἶναι
758 755 963 796 συμβέβηκεν
983 757 1064 787 ὥστε
1084 761 1184 787 ταῦτα

172 808 332 849 ποιῆσαι;’
366 809 424 839 τὸν
457 809 539 839 θεὸν
573 810 694 849 ἔφησεν
724 809 810 851 αὐτῷ
840 808 1058 848 δεδηλωκέναι
1086 808 1181 840 τοῦθ’

173 861 221 892 ὅτι
246 866 302 901 τῆς
327 863 454 902 Συρίας
477 861 590 902 μέλλοι
615 862 814 902 βασιλεύειν.
858 860 1008 901 Ἀζάηλος
1035 860 1095 902 μὲν
1124 859 1184 893 οὖν

171 916 437 955 παραγενόμενος
465 915 546 955 πρὸς
573 915 631 945 τὸν
652 913 797 945 ’Ἄδαδον
825 919 869 956 τῷ
903 912 962 955 μὲν
995 915 1034 945 τὰ
1067 916 1182 954 βελτίω

172 966 245 1007 περὶ
270 971 327 1007 τῆς
348 968 448 998 νόσου
467 968 667 1006 κατήγγειλε,
691 972 728 1008 τῇ
750 965 779 997 δ’
803 966 938 1007 ἐπιούσῃ
961 967 1095 997 δίκτυον
1116 966 1182 997 ἐπι-

171 1019 283 1059 βαλὼν
307 1019 394 1062 αὐτῷ
419 1020 598 1060 διάβροχον
621 1020 679 1050 τὸν
703 1018 762 1059 μὲν
787 1019 972 1060 στραγγάλῃ
1001 1018 1182 1059 διέφθειρε,

172 1072 257 1112 <93>
280 1072 340 1112 τὴν
364 1071 394 1102 δ’
416 1072 520 1113 ἀρχὴν
544 1072 642 1109 αὐτὸς
664 1071 837 1112 παρέλαβε,
862 1072 1057 1112 δραστήριός
1080 1070 1108 1102 τ’
1136 1072 1182 1102 ὢν

1201 662 1225 681 10

1200 923 1223 942 15

172 1124 254 1166 ἀνὴρ
278 1124 330 1155 καὶ
356 1125 481 1165 πολλὴν
506 1126 589 1165 ἔχων
616 1125 703 1165 παρὰ
732 1130 798 1155 τῶν
822 1124 944 1164 Σύρων
971 1124 1104 1155 εὔνοιαν
1127 1123 1197 1155 καὶ.

171 1181 230 1208 τοῦ
255 1177 360 1217 δήμου
384 1183 450 1209 τῶν
473 1180 714 1218 Δαμασκηνῶν,
738 1175 796 1217 ὑφ’
819 1173 858 1208 οὗ
882 1176 975 1217 μέχρι
1000 1181 1062 1207 νῦν
1084 1176 1181 1213 αὐτός

171 1228 206 1259 θ’
229 1229 245 1260 ὁ
261 1228 402 1267 ’Ἀδαδος
424 1229 475 1261 καὶ
495 1229 645 1270 Ἀζάηλος
667 1230 684 1261 ὁ
704 1228 772 1270 μετ’
795 1229 896 1260 αὐτὸν
919 1228 1018 1270 ἄρξας
1041 1229 1085 1265 ὡς
1105 1228 1179 1260 θεοὶ

171 1287 327 1322 τιμῶνται
352 1283 406 1313 διὰ
426 1284 482 1320 τὰς
503 1283 689 1324 εὐεργεσίας
708 1281 762 1313 καὶ
781 1283 838 1319 τὰς
857 1288 923 1313 τῶν
944 1287 1034 1313 ναῶν
1053 1282 1179 1312 οἰκοδο-

171 1336 256 1374 μίας,
276 1331 325 1372 οἷς
341 1334 524 1376 ἐκόσμησαν
543 1336 602 1376 τὴν
622 1341 688 1367 τῶν
702 1338 932 1376 Δαμασκηνῶν
951 1336 1056 1366 πόλιν.
1095 1334 1180 1374 <94>

171 1388 376 1428 πομπεύουσι
397 1387 426 1418 δ’
449 1385 539 1419 οὗτοι
564 1387 640 1419 καθ’
664 1387 801 1428 ἑκάστην
825 1387 949 1428 ἡμέραν
973 1386 1023 1418 ε’πὶ
1043 1391 1080 1427 τῇ
1104 1391 1179 1427 τιμῇ

171 1446 237 1471 τῶν
267 1440 443 1481 βασιλέων,
475 1439 528 1472 καὶ
558 1441 776 1481 σεμνύνονται
806 1440 866 1480 τὴν
893 1440 1020 1471 τούτων
1050 1439 1180 1480 ἀρχαιό-

170 1504 264 1532 τητα,
296 1493 356 1524 οὐκ
384 1494 506 1530 εἰδότες
534 1493 583 1524 ὅτι
612 1494 768 1534 νεώτεροί
794 1493 856 1523 εἰσι
884 1491 936 1523 καὶ
966 1492 1025 1523 οὐκ
1054 1493 1181 1532 ἔχοντες

171 1542 261 1576 οὗτοι
295 1546 330 1576 οἵ
359 1547 505 1586 βασιλεῖς
538 1547 591 1585 ἔτη
622 1546 711 1585 χίλια
741 1543 794 1575 καὶ
828 1543 951 1575 ἑκατόν.
1002 1544 1019 1575 ὁ
1049 1542 1084 1574 δὲ
1115 1549 1180 1574 τῶν

168 1596 377 1638 Ἰσραηλιτῶν
410 1599 564 1638 βασιλεὺς
594 1596 747 1637 Ἰώραμος
780 1596 922 1633 ἀκούσας
954 1596 1013 1636 τὴν
1041 1595 1180 1627 Ἀδαδου

172 1650 325 1689 τελευτὴν
349 1649 550 1681 ἀνέπνευσεν
574 1648 608 1680 ἐκ
632 1655 698 1680 τῶν
725 1650 840 1689 φόβων
863 1647 915 1679 καὶ
940 1653 999 1680 τοῦ
1024 1648 1133 1688 δέους,
1162 1648 1178 1680 ὃ

170 1701 214 1733 δι’
241 1702 343 1733 αὐτὸν
367 1699 462 1743 εἶχεν,
486 1701 634 1742 ἀσμένως
658 1702 789 1742 εἰρήνης
813 1702 1068 1742 λαμβανόμενος.

243 1765 257 1794 ξ,
273 1765 303 1788 91
327 1775 359 1784 =
379 1765 394 1787 4
410 1762 476 1795 Reg.
493 1761 557 1787 vm
574 1764 614 1788 12.

1195 1172 1259 1205 20¹

1195 1447 1219 1467 ²5
1236 1454 1250 1478 ’,ξ

1192 1708 1218 1728 30
