1261 1917
187 79 203 107 1
211 78 250 108 10
544 80 816 105 ΑΡΧΑΙΟΛΟΓῙΑΣ

184 157 387 195 ἐξελθόντων
409 157 463 190 καὶ
487 158 764 200 παραταξαμένων
787 160 846 201 οὐχ
871 161 964 202 ὁμοῦ,
988 162 1060 202 διχῇ
1085 161 1124 193 δέ
1141 161 1191 202 (τὸ

183 208 243 250 μὲν
266 211 328 251 γὰρ
353 209 562 252 ἐπικουρικὸν
590 211 625 243 ἐν
648 216 692 254 τῷ
720 213 822 255 πεδίῳ
850 212 927 244 καθ’
955 214 1033 246 αὑτὸ
1059 214 1191 255 ἐτάχθη,

182 263 219 293 τὸ
251 260 287 293 δὲ
319 268 385 294 τῶν
410 262 614 304 Ἀμμανιτῶν
643 265 825 306 στράτευμα
858 267 939 307 πρὸς
971 272 1042 304 ταῖς
1072 268 1191 305 πύλαις

182 315 319 357 ἀντικρὺ
342 322 408 347 τῶν
429 316 615 359 Ἑβραίων),
640 318 721 349 ἰδὼν
742 323 839 349 τοῦτο
861 317 992 360 Ἰώαβος
1015 320 1190 361 ἀντιμηχα-

182 373 287 408 νᾶται,
311 370 417 409 <124>
436 369 490 400 καὶ
514 371 591 407 τοὺς
611 368 671 411 μὲν
691 370 943 411 ἀνδρειοτάτους
963 371 1190 413 ἐπιλεξάμενος
1204 382 1216 402 5

182 420 491 463 ἄντιπαρατάττεται
515 427 559 465 τῷ
583 424 683 466 Σύρῳ
707 423 761 454 καὶ
785 430 853 461 τοῖς
877 423 945 465 μετ’
972 425 1074 456 αὐτοῦ
1098 427 1189 465 βασι-

182 477 289 515 λεῦσι,
316 476 353 507 τὸ
383 474 412 506 δ’
439 477 518 507 ἄλλο
547 477 715 517 παραδοὺς
737 475 912 520 Ἀβεσσαίῳ
941 477 1092 520 τάδελφῷ
1120 482 1190 515 τοῖς

179 525 388 568 Ἀμμανίταις
421 527 589 559 ἐκέλευσεν
622 529 960 570 ἀντιπαρατάξασθαι,
999 531 1115 569 εἰπών,
1148 530 1190 561 ἂν

180 581 258 617 τοὺς
281 581 414 621 Σύρους
439 581 492 621 ι”δῃ
516 581 728 622 βιαζομένους
757 581 858 613 αὐτὸν
881 581 935 613 καὶ
964 582 1066 614 πλέον
1090 584 1188 614 δυνα-

181 631 315 672 μένους,
343 635 565 673 μεταγαγόντα
593 634 654 674 τὴν
683 635 836 674 φάλαγγα
859 637 999 676 βοηθεῖν
1023 634 1122 678 αύτῷ·
1151 636 1187 667 τὸ
1204 645 1229 664 10

181 683 211 715 δ’
233 684 312 716 αὐτὸ
336 690 433 717 τοῦτο
458 687 608 726 ποιήσειν
626 686 679 718 καὶ
703 686 811 725 αὐτός,
835 687 877 718 ἂν
897 688 960 719 ὑπὸ
984 693 1051 718 τῶν
1072 687 1188 729 ’Λμμα-

180 743 280 769 νιτῶν
311 737 411 769 αὐτὸν
439 739 728 779 καταπονούμενον
756 740 924 780 θεάσηται.
974 740 1082 780 <125>
1110 751 1188 782 προ-

179 791 381 831 τρεψάμενος
400 788 461 822 οὗν
480 792 538 823 τὸν
557 791 704 832 ἀδελφὸν
719 791 773 823 καὶ
793 790 1020 833 παρακαλέσας
1039 791 1188 833 εὐψύχως

179 842 232 873 καὶ
261 844 339 883 μετὰ
367 845 558 884 προθυμίας
585 844 747 884 ἀνδράσιν
777 845 937 885 αἰσχύνην
966 844 1188 886 φοβουμένοις

179 897 366 936 πρεπούσης
389 897 628 936 ἀγωνίσασθαι,
653 898 710 928 τὸν
734 896 794 938 μὲν
817 897 958 929 ἀπέλυσε
982 903 1050 934 τοῖς
1071 896 1187 939 Ἀμμα-
1203 907 1227 927 15

179 950 284 985 νίταις
307 950 550 990 μαχησόμενον,
581 948 678 986 αὐτὸς
708 948 744 981 δὲ
772 956 841 986 τοῖς
865 951 990 990 Σύροις
1018 950 1188 991 συνέβαλε.

179 1002 286 1041 <126>
314 1001 368 1032 καὶ
396 1002 478 1043 πρὸς
506 1002 620 1041 ὀλίγον
649 1002 870 1043 ἀντισχόντων
898 1001 985 1045 αὐτῷ
1014 1008 1187 1044 καρτερῶς,

178 1055 320 1091 πολλοὺς
353 1052 413 1095 μὲν
446 1053 556 1085 αὐτῶν
584 1054 773 1086 ἀπέκτεινεν
799 1054 943 1095 Ἰώαβος,
977 1055 1121 1092 ἅπαντας
1154 1054 1184 1086 δ’

181 1106 362 1147 ἠνάγκασεν
386 1108 432 1144 εἰς
456 1107 567 1147 φυγὴν
588 1112 759 1148 τραπῆναι.
801 1106 889 1138 τοῦτ’
912 1108 1038 1144 ἰδόντες
1062 1108 1096 1138 οἱ
1115 1106 1204 1151 'Ay—¹

178 1165 325 1199 μανῖται,
357 1158 412 1190 καὶ
445 1160 612 1197 δείσαντες
645 1161 703 1191 τὸν
729 1159 918 1200 Ἀβεσσαῖον
946 1159 1000 1190 καὶ
1028 1160 1088 1200 τὴν
1116 1159 1183 1200 μετ’
1201 1170 1227 1190 20

178 1211 280 1243 αὐτοῦ
305 1213 475 1253 στρατιάν,
500 1212 559 1244 οὐκ
583 1215 730 1254 ἔμειναν,
758 1213 840 1244 ἀλλὰ
868 1212 1086 1253 μιμησάμενοι
1110 1214 1187 1250 τοὺς

178 1265 367 1306 συμμάχους
391 1266 438 1302 εἰς
461 1266 521 1306 τὴν
543 1268 641 1297 πόλιν
666 1267 800 1307 ἔφυγον.
846 1266 1009 1307 κρατήσας
1035 1263 1096 1296 οὖν
1119 1271 1185 1297 τῶν

176 1319 343 1358 πολεμίων
367 1318 384 1349 ὁ
406 1317 536 1359 Ἰώαβος
560 1320 607 1356 εἰς
626 1318 836 1360 Ἱεροσόλυμα
863 1320 945 1360 πρὸς
969 1319 1027 1350 τὸν
1050 1317 1185 1359 βασιλέα

177 1373 332 1411 λαμπρῶς
354 1370 545 1412 ὑπέστρεψε.

244 1424 352 1464 <127>
376 1428 473 1455 τοῦτο
492 1425 529 1455 τὸ
547 1430 691 1465 πταῖσμα
710 1426 786 1462 τοὺς
807 1423 1002 1465 Ἀμμανίτας
1022 1424 1081 1455 οὐκ
1100 1425 1183 1455 ἔπει-
1199 1433 1224 1453 2⁵

176 1484 233 1507 σεν
257 1476 401 1517 ἠρεμεῖν,
425 1475 503 1508 οὐδὲ
527 1479 696 1518 μαθόντας
723 1479 800 1514 τοὺς
826 1478 1016 1518 κρείττονας
1045 1476 1185 1517 ἡσυχίαν

175 1529 282 1569 ἄγειν,
311 1529 393 1560 ἀλλὰ
416 1529 601 1570 πέμψαντες
623 1531 705 1571 πρὸς
730 1530 887 1570 Χαλαμὰν
911 1530 969 1560 τὸν
991 1534 1057 1560 τῶν
1080 1528 1184 1571 πέραν

175 1581 356 1623 Εὐφράτου
373 1583 496 1622 Σύρων
511 1582 657 1623 βασιλεά,
679 1586 879 1623 μισθοῦνται
898 1586 1016 1613 τοῦτον
1032 1581 1084 1613 ἐπὶ
1103 1590 1183 1622 συμ-

174 1635 287 1676 μαχία,
316 1636 431 1675 ἔχοντα
455 1633 515 1675 μὲν
538 1634 798 1675 ἀρχιστράτηγον
822 1634 990 1675 Σάβεκον,
1018 1635 1122 1672 πεζῶν
1147 1633 1183 1666 δὲ

174 1687 335 1728 μυριάδας
359 1687 441 1718 ὀκτὼ
469 1686 523 1718 καὶ
552 1687 677 1718 ἱππέων
701 1689 849 1729 μυρίους.
894 1687 1000 1727 <128>
1025 1688 1125 1727 γνοὺς
1149 1685 1179 1718 δ’
1196 1695 1222 1715 ³0

244 1750 258 1778 g
275 1750 323 1772 124
344 1760 376 1768 =
397 1750 411 1772 2
427 1747 495 1781 Reg.
515 1747 539 1773 X
555 1751 582 1778 93
605 1752 617 1774 1
638 1747 728 1774 Paral.
748 1747 811 1774 XIX
828 1750 868 1774 10.
