<?xml version="1.0" encoding="UTF-8"?>
<!DOCTYPE html PUBLIC "-//W3C//DTD XHTML 1.0 Transitional//EN"
    "http://www.w3.org/TR/xhtml1/DTD/xhtml1-transitional.dtd">
<html xmlns="http://www.w3.org/1999/xhtml" xml:lang="en" lang="en">
 <head>
  <title>
</title>
<meta http-equiv="Content-Type" content="text/html;charset=utf-8" />
  <meta name='ocr-system' content='tesseract 3.04.00' />
  <meta name='ocr-capabilities' content='ocr_page ocr_carea ocr_par ocr_line ocrx_word'/>
</head>
<body>
  <div class='ocr_page' id='page_1' title='image "./flaviiiosephiope02joseuoft_0229.png"; bbox 0 0 1261 1917; ppageno 0'>
   <div class='ocr_carea' id='block_1_1' title="bbox 557 60 1125 92">
    <p class='ocr_par' dir='ltr' id='par_1_1' title="bbox 557 60 1125 92">
     <span class='ocr_line' id='line_1_1' title="bbox 557 60 1125 92; baseline 0.007 -4"><span class='ocrx_word' id='word_1_1' title='bbox 557 63 680 88; x_wconf 83' lang='grc' dir='ltr'>ΟΓΔΟΗ</span> <span class='ocrx_word' id='word_1_2' title='bbox 1064 60 1103 92; x_wconf 84' lang='grc'><em>18</em></span> <span class='ocrx_word' id='word_1_3' title='bbox 1110 61 1125 91; x_wconf 94' lang='lat' dir='ltr'>l</span> 
     </span>
    </p>
   </div>
   <div class='ocr_carea' id='block_1_2' title="bbox 77 140 1176 1776">
    <p class='ocr_par' dir='ltr' id='par_1_2' title="bbox 77 140 1176 1776">
     <span class='ocr_line' id='line_1_2' title="bbox 115 140 1130 185; baseline -0.004 -9"><span class='ocrx_word' id='word_1_4' title='bbox 115 145 215 177; x_wconf 83' lang='grc' dir='ltr'><em>αὐτὸν</em></span> <span class='ocrx_word' id='word_1_5' title='bbox 249 144 421 185; x_wconf 80' lang='grc' dir='ltr'><em>ἠμείψατο,</em></span> <span class='ocrx_word' id='word_1_6' title='bbox 455 144 549 175; x_wconf 80' lang='grc' dir='ltr'><em>σίτου</em></span> <span class='ocrx_word' id='word_1_7' title='bbox 582 142 642 184; x_wconf 74' lang='grc' dir='ltr'><em>μὲν</em></span> <span class='ocrx_word' id='word_1_8' title='bbox 675 143 763 185; x_wconf 81' lang='grc' dir='ltr'><em>αὐτῷ</em></span> <span class='ocrx_word' id='word_1_9' title='bbox 796 141 865 173; x_wconf 80' lang='grc' dir='ltr'><em>κατ’</em></span> <span class='ocrx_word' id='word_1_10' title='bbox 898 143 969 179; x_wconf 80' lang='grc' dir='ltr'><em>ἔτος</em></span> <span class='ocrx_word' id='word_1_11' title='bbox 1000 140 1130 183; x_wconf 66' lang='grc' dir='ltr'><em>πέμψας</em></span> 
     </span>
     <span class='ocr_line' id='line_1_3' title="bbox 115 192 1130 240; baseline -0.006 -9"><span class='ocrx_word' id='word_1_12' title='bbox 115 200 310 240; x_wconf 75' lang='grc' dir='ltr'><strong><em>δισμυρίους</em></strong></span> <span class='ocrx_word' id='word_1_13' title='bbox 333 198 453 237; x_wconf 86' lang='grc' dir='ltr'><em>κόρους</em></span> <span class='ocrx_word' id='word_1_14' title='bbox 476 195 529 228; x_wconf 87' lang='grc' dir='ltr'><em>καὶ</em></span> <span class='ocrx_word' id='word_1_15' title='bbox 555 197 733 233; x_wconf 77' lang='grc' dir='ltr'><em>τοσούτους</em></span> <span class='ocrx_word' id='word_1_16' title='bbox 755 195 869 227; x_wconf 77' lang='grc' dir='ltr'><em>ἐλαίου</em></span> <span class='ocrx_word' id='word_1_17' title='bbox 893 195 1026 236; x_wconf 79' lang='grc' dir='ltr'><em>βάτους·</em></span> <span class='ocrx_word' id='word_1_18' title='bbox 1053 195 1069 226; x_wconf 88' lang='grc' dir='ltr'><strong>ὁ</strong></span> <span class='ocrx_word' id='word_1_19' title='bbox 1093 192 1130 225; x_wconf 72' lang='grc' dir='ltr'><em>δὲ</em></span> 
     </span>
     <span class='ocr_line' id='line_1_4' title="bbox 115 247 1130 293; baseline -0.005 -10"><span class='ocrx_word' id='word_1_20' title='bbox 115 252 212 293; x_wconf 80' lang='grc' dir='ltr'><em>βάτος</em></span> <span class='ocrx_word' id='word_1_21' title='bbox 243 251 381 282; x_wconf 85' lang='grc' dir='ltr'><em>δύναται</em></span> <span class='ocrx_word' id='word_1_22' title='bbox 410 249 523 288; x_wconf 79' lang='grc' dir='ltr'><em>ξέστας</em></span> <span class='ocrx_word' id='word_1_23' title='bbox 551 249 776 291; x_wconf 77' lang='grc' dir='ltr'><em>ἑβδομήκοντα</em></span> <span class='ocrx_word' id='word_1_24' title='bbox 805 249 875 280; x_wconf 85' lang='grc' dir='ltr'><em>δύο.</em></span> <span class='ocrx_word' id='word_1_25' title='bbox 922 249 958 279; x_wconf 79' lang='grc' dir='ltr'><em>τὸ</em></span> <span class='ocrx_word' id='word_1_26' title='bbox 987 247 1017 279; x_wconf 82' lang='grc' dir='ltr'><em>δ’</em></span> <span class='ocrx_word' id='word_1_27' title='bbox 1049 247 1130 279; x_wconf 84' lang='grc' dir='ltr'><em>αὐτὸ</em></span> 
     </span>
     <span class='ocr_line' id='line_1_5' title="bbox 115 298 1130 346; baseline -0.005 -10"><span class='ocrx_word' id='word_1_28' title='bbox 115 304 233 346; x_wconf 85' lang='grc' dir='ltr'><em>με’τρον</em></span> <span class='ocrx_word' id='word_1_29' title='bbox 256 302 310 335; x_wconf 82' lang='grc' dir='ltr'><em>καὶ</em></span> <span class='ocrx_word' id='word_1_30' title='bbox 335 306 430 334; x_wconf 76' lang='grc' dir='ltr'><em>οῖ’νου</em></span> <span class='ocrx_word' id='word_1_31' title='bbox 453 308 617 343; x_wconf 81' lang='grc' dir='ltr'><em>παρεῖχεν.</em></span> <span class='ocrx_word' id='word_1_32' title='bbox 663 303 750 342; x_wconf 70' lang='lat'>&lt;58&gt;</span> <span class='ocrx_word' id='word_1_33' title='bbox 776 301 792 341; x_wconf 82' lang='grc' dir='ltr'>ἡ</span> <span class='ocrx_word' id='word_1_34' title='bbox 817 299 878 342; x_wconf 74' lang='grc' dir='ltr'><em>μὲν</em></span> <span class='ocrx_word' id='word_1_35' title='bbox 897 298 958 332; x_wconf 82' lang='grc' dir='ltr'><em>οὖν</em></span> <span class='ocrx_word' id='word_1_36' title='bbox 978 300 1130 341; x_wconf 75' lang='grc' dir='ltr'><em>Εῐράμου</em></span> 
     </span>
     <span class='ocr_line' id='line_1_6' title="bbox 88 353 1131 398; baseline -0.006 -9"><span class='ocrx_word' id='word_1_37' title='bbox 88 371 100 388; x_wconf 71' lang='lat'><strong>5</strong></span> <span class='ocrx_word' id='word_1_38' title='bbox 115 359 209 398; x_wconf 86' lang='grc' dir='ltr'><em>φιλία</em></span> <span class='ocrx_word' id='word_1_39' title='bbox 232 356 286 388; x_wconf 81' lang='grc' dir='ltr'><em>καὶ</em></span> <span class='ocrx_word' id='word_1_40' title='bbox 311 359 513 397; x_wconf 81' lang='grc' dir='ltr'><em>Σολομῶνος</em></span> <span class='ocrx_word' id='word_1_41' title='bbox 536 355 600 387; x_wconf 80' lang='grc' dir='ltr'><em>ἀπὸ</em></span> <span class='ocrx_word' id='word_1_42' title='bbox 624 356 752 387; x_wconf 82' lang='grc' dir='ltr'><em>τούτων</em></span> <span class='ocrx_word' id='word_1_43' title='bbox 777 356 823 386; x_wconf 76' lang='grc' dir='ltr'><em>ἔτι</em></span> <span class='ocrx_word' id='word_1_44' title='bbox 850 357 976 395; x_wconf 84' lang='grc' dir='ltr'><em>μᾶλλον</em></span> <span class='ocrx_word' id='word_1_45' title='bbox 1000 353 1131 393; x_wconf 74' lang='grc' dir='ltr'><em>ηὔξησε,</em></span> 
     </span>
     <span class='ocr_line' id='line_1_7' title="bbox 115 405 1131 451; baseline -0.005 -9"><span class='ocrx_word' id='word_1_46' title='bbox 115 410 168 443; x_wconf 86' lang='grc' dir='ltr'><em>καὶ</em></span> <span class='ocrx_word' id='word_1_47' title='bbox 192 411 362 451; x_wconf 82' lang='grc' dir='ltr'><em>διαμενεῖν</em></span> <span class='ocrx_word' id='word_1_48' title='bbox 386 410 519 450; x_wconf 81' lang='grc' dir='ltr'><em>ὤμοσαν</em></span> <span class='ocrx_word' id='word_1_49' title='bbox 540 409 586 446; x_wconf 73' lang='grc' dir='ltr'><em>εἰς</em></span> <span class='ocrx_word' id='word_1_50' title='bbox 605 409 705 440; x_wconf 77' lang='grc' dir='ltr'><em>ἅπαν·</em></span> <span class='ocrx_word' id='word_1_51' title='bbox 731 408 748 439; x_wconf 84' lang='grc' dir='ltr'>ὁ</span> <span class='ocrx_word' id='word_1_52' title='bbox 769 406 804 439; x_wconf 74' lang='grc' dir='ltr'><em>δὲ</em></span> <span class='ocrx_word' id='word_1_53' title='bbox 825 408 980 448; x_wconf 81' lang='grc' dir='ltr'><em>βασιλεὺς</em></span> <span class='ocrx_word' id='word_1_54' title='bbox 999 405 1131 444; x_wconf 76' lang='grc' dir='ltr'><em>ἐπέταξε</em></span> 
     </span>
     <span class='ocr_line' id='line_1_8' title="bbox 114 455 1132 506; baseline -0.005 -11"><span class='ocrx_word' id='word_1_55' title='bbox 114 462 212 496; x_wconf 82' lang='grc' dir='ltr'><em>παντὶ</em></span> <span class='ocrx_word' id='word_1_56' title='bbox 236 467 280 506; x_wconf 79' lang='grc' dir='ltr'><em>τῷ</em></span> <span class='ocrx_word' id='word_1_57' title='bbox 304 466 371 506; x_wconf 77' lang='grc' dir='ltr'><em>λαῷ</em></span> <span class='ocrx_word' id='word_1_58' title='bbox 395 463 504 503; x_wconf 82' lang='grc' dir='ltr'><em>φόρον</em></span> <span class='ocrx_word' id='word_1_59' title='bbox 523 461 661 503; x_wconf 75' lang='grc' dir='ltr'><em>ἐργάτας</em></span> <span class='ocrx_word' id='word_1_60' title='bbox 685 462 911 503; x_wconf 76' lang='grc' dir='ltr'><em>τρισμυρίους,</em></span> <span class='ocrx_word' id='word_1_61' title='bbox 935 455 985 497; x_wconf 83' lang='grc' dir='ltr'><em>οἷς</em></span> <span class='ocrx_word' id='word_1_62' title='bbox 1004 460 1132 491; x_wconf 75' lang='grc' dir='ltr'><em>ἄπονον</em></span> 
     </span>
     <span class='ocr_line' id='line_1_9' title="bbox 115 514 1131 558; baseline -0.005 -9"><span class='ocrx_word' id='word_1_63' title='bbox 115 517 174 558; x_wconf 83' lang='grc' dir='ltr'><em>τὴν</em></span> <span class='ocrx_word' id='word_1_64' title='bbox 199 516 356 558; x_wconf 79' lang='grc' dir='ltr'><em>ἐργασίαν</em></span> <span class='ocrx_word' id='word_1_65' title='bbox 379 515 566 555; x_wconf 77' lang='grc' dir='ltr'><em>κατέστησε,</em></span> <span class='ocrx_word' id='word_1_66' title='bbox 589 516 725 556; x_wconf 76' lang='grc' dir='ltr'><em>μερίσας</em></span> <span class='ocrx_word' id='word_1_67' title='bbox 749 514 852 554; x_wconf 85' lang='grc' dir='ltr'><em>αὐτὴν</em></span> <span class='ocrx_word' id='word_1_68' title='bbox 876 518 1029 551; x_wconf 82' lang='grc' dir='ltr'><em>συνετῶς.</em></span> <span class='ocrx_word' id='word_1_69' title='bbox 1072 525 1131 553; x_wconf 89' lang='grc' dir='ltr'><em>μυ-</em></span> 
     </span>
     <span class='ocr_line' id='line_1_10' title="bbox 116 565 1132 611; baseline -0.005 -10"><span class='ocrx_word' id='word_1_70' title='bbox 116 572 209 611; x_wconf 83' lang='grc' dir='ltr'><em>ρίους</em></span> <span class='ocrx_word' id='word_1_71' title='bbox 234 570 296 610; x_wconf 81' lang='grc' dir='ltr'><em>γὰρ</em></span> <span class='ocrx_word' id='word_1_72' title='bbox 320 568 453 609; x_wconf 81' lang='grc' dir='ltr'><em>ἐποίησε</em></span> <span class='ocrx_word' id='word_1_73' title='bbox 477 570 658 605; x_wconf 75' lang='grc' dir='ltr'><em>κόπτοντας</em></span> <span class='ocrx_word' id='word_1_74' title='bbox 682 566 734 599; x_wconf 83' lang='grc' dir='ltr'><em>ἐπὶ</em></span> <span class='ocrx_word' id='word_1_75' title='bbox 758 572 845 608; x_wconf 80' lang='grc' dir='ltr'><em>μῆνα</em></span> <span class='ocrx_word' id='word_1_76' title='bbox 865 566 924 598; x_wconf 79' lang='grc' dir='ltr'><em>ἕνα</em></span> <span class='ocrx_word' id='word_1_77' title='bbox 949 565 984 598; x_wconf 82' lang='grc' dir='ltr'><em>ἐν</em></span> <span class='ocrx_word' id='word_1_78' title='bbox 1009 571 1052 609; x_wconf 77' lang='grc' dir='ltr'><em>τῷ</em></span> <span class='ocrx_word' id='word_1_79' title='bbox 1072 568 1132 597; x_wconf 86' lang='grc' dir='ltr'><em>Λι-</em></span> 
     </span>
     <span class='ocr_line' id='line_1_11' title="bbox 77 618 1133 666; baseline -0.005 -12"><span class='ocrx_word' id='word_1_80' title='bbox 77 634 101 654; x_wconf 87' lang='grc' dir='ltr'><em>ιο</em></span> <span class='ocrx_word' id='word_1_81' title='bbox 115 623 205 666; x_wconf 74' lang='grc' dir='ltr'><em>βιὲνῳ</em></span> <span class='ocrx_word' id='word_1_82' title='bbox 227 624 307 664; x_wconf 82' lang='grc' dir='ltr'><em>ὄρει,</em></span> <span class='ocrx_word' id='word_1_83' title='bbox 331 622 392 653; x_wconf 81' lang='grc' dir='ltr'><em>δύο</em></span> <span class='ocrx_word' id='word_1_84' title='bbox 412 620 448 653; x_wconf 74' lang='grc' dir='ltr'><em>δὲ</em></span> <span class='ocrx_word' id='word_1_85' title='bbox 467 626 573 662; x_wconf 82' lang='grc' dir='ltr'><em>μῆνας</em></span> <span class='ocrx_word' id='word_1_86' title='bbox 592 621 823 652; x_wconf 83' lang='grc' dir='ltr'><em>ἀναπαύεσθαι</em></span> <span class='ocrx_word' id='word_1_87' title='bbox 845 618 1133 660; x_wconf 72' lang='grc' dir='ltr'><em>παραγινομένους</em></span> 
     </span>
     <span class='ocr_line' id='line_1_12' title="bbox 117 671 1133 716; baseline -0.005 -9"><span class='ocrx_word' id='word_1_88' title='bbox 117 675 167 708; x_wconf 77' lang='grc' dir='ltr'><em>ἐπὶ</em></span> <span class='ocrx_word' id='word_1_89' title='bbox 193 676 231 707; x_wconf 82' lang='grc' dir='ltr'><em>τὰ</em></span> <span class='ocrx_word' id='word_1_90' title='bbox 256 676 370 713; x_wconf 80' lang='grc' dir='ltr'><em>οἰκεῖα,</em></span> <span class='ocrx_word' id='word_1_91' title='bbox 397 674 490 716; x_wconf 83' lang='grc' dir='ltr'><em>μέχρι</em></span> <span class='ocrx_word' id='word_1_92' title='bbox 514 674 555 706; x_wconf 76' lang='grc' dir='ltr'><em>ἂν</em></span> <span class='ocrx_word' id='word_1_93' title='bbox 578 674 680 706; x_wconf 74' lang='grc' dir='ltr'><em>πάλιν</em></span> <span class='ocrx_word' id='word_1_94' title='bbox 703 674 738 704; x_wconf 75' lang='lat' dir='ltr'><em>oc</em></span> <span class='ocrx_word' id='word_1_95' title='bbox 759 673 930 713; x_wconf 79' lang='grc' dir='ltr'><em>δισμύριοι</em></span> <span class='ocrx_word' id='word_1_96' title='bbox 954 672 1014 712; x_wconf 79' lang='grc' dir='ltr'><em>τὴν</em></span> <span class='ocrx_word' id='word_1_97' title='bbox 1039 671 1133 712; x_wconf 79' lang='grc' dir='ltr'><em>ἐργα-</em></span> 
     </span>
     <span class='ocr_line' id='line_1_13' title="bbox 117 725 1133 769; baseline -0.005 -9"><span class='ocrx_word' id='word_1_98' title='bbox 117 730 193 760; x_wconf 81' lang='grc' dir='ltr'><em>σιάν</em></span> <span class='ocrx_word' id='word_1_99' title='bbox 213 728 474 769; x_wconf 79' lang='grc' dir='ltr'><em>ἀναπληρώσωσι</em></span> <span class='ocrx_word' id='word_1_100' title='bbox 493 728 573 759; x_wconf 77' lang='grc' dir='ltr'><em>κατὰ</em></span> <span class='ocrx_word' id='word_1_101' title='bbox 594 728 651 758; x_wconf 90' lang='grc' dir='ltr'><em>τὸν</em></span> <span class='ocrx_word' id='word_1_102' title='bbox 671 725 857 767; x_wconf 74' lang='grc' dir='ltr'><em>ὡρισμένον</em></span> <span class='ocrx_word' id='word_1_103' title='bbox 875 727 1007 767; x_wconf 87' lang='grc' dir='ltr'><em>χρόνον.</em></span> <span class='ocrx_word' id='word_1_104' title='bbox 1045 725 1133 765; x_wconf 78' lang='grc'>&lt;59&gt;</span> 
     </span>
     <span class='ocr_line' id='line_1_14' title="bbox 118 777 1134 821; baseline -0.005 -8"><span class='ocrx_word' id='word_1_105' title='bbox 118 780 224 814; x_wconf 78' lang='grc' dir='ltr'><em>ἔπειθ’</em></span> <span class='ocrx_word' id='word_1_106' title='bbox 247 781 333 812; x_wconf 81' lang='grc' dir='ltr'><em>οὕτω</em></span> <span class='ocrx_word' id='word_1_107' title='bbox 353 782 528 821; x_wconf 78' lang='grc' dir='ltr'><em>συνέβαινε</em></span> <span class='ocrx_word' id='word_1_108' title='bbox 548 785 617 817; x_wconf 79' lang='grc' dir='ltr'><em>τοῖς</em></span> <span class='ocrx_word' id='word_1_109' title='bbox 635 780 778 821; x_wconf 77' lang='grc' dir='ltr'><em>πρώτοις</em></span> <span class='ocrx_word' id='word_1_110' title='bbox 796 780 929 819; x_wconf 87' lang='grc' dir='ltr'><em>μυρίοις</em></span> <span class='ocrx_word' id='word_1_111' title='bbox 948 779 1003 809; x_wconf 79' lang='grc' dir='ltr'><em>διὰ</em></span> <span class='ocrx_word' id='word_1_112' title='bbox 1023 777 1134 818; x_wconf 72' lang='grc' dir='ltr'><em>τετάρ-</em></span> 
     </span>
     <span class='ocr_line' id='line_1_15' title="bbox 118 829 1134 875; baseline -0.006 -9"><span class='ocrx_word' id='word_1_113' title='bbox 118 847 178 867; x_wconf 86' lang='grc' dir='ltr'><em>του</em></span> <span class='ocrx_word' id='word_1_114' title='bbox 202 835 306 875; x_wconf 69' lang='grc' dir='ltr'><em>μήνὸς</em></span> <span class='ocrx_word' id='word_1_115' title='bbox 329 833 478 865; x_wconf 79' lang='grc' dir='ltr'><em>ἀπαντᾶν</em></span> <span class='ocrx_word' id='word_1_116' title='bbox 503 832 554 864; x_wconf 80' lang='grc' dir='ltr'><em>ἐπὶ</em></span> <span class='ocrx_word' id='word_1_117' title='bbox 579 830 731 873; x_wconf 88' lang='grc' dir='ltr'><em>τοῦργον.</em></span> <span class='ocrx_word' id='word_1_118' title='bbox 778 831 923 871; x_wconf 86' lang='grc' dir='ltr'><em>ἐγεγόνει</em></span> <span class='ocrx_word' id='word_1_119' title='bbox 948 829 978 861; x_wconf 87' lang='grc' dir='ltr'><em>δ’</em></span> <span class='ocrx_word' id='word_1_120' title='bbox 1006 829 1134 871; x_wconf 80' lang='grc' dir='ltr'><em>ἐπίτρο-</em></span> 
     </span>
     <span class='ocr_line' id='line_1_16' title="bbox 79 881 1134 928; baseline -0.004 -10"><span class='ocrx_word' id='word_1_121' title='bbox 79 900 178 925; x_wconf 68' lang='lat'>157103</span> <span class='ocrx_word' id='word_1_122' title='bbox 206 892 265 919; x_wconf 88' lang='grc' dir='ltr'><em>τοῦ</em></span> <span class='ocrx_word' id='word_1_123' title='bbox 293 888 401 928; x_wconf 80' lang='grc' dir='ltr'><em>φόρου</em></span> <span class='ocrx_word' id='word_1_124' title='bbox 428 887 549 917; x_wconf 85' lang='grc' dir='ltr'><em>τούτου</em></span> <span class='ocrx_word' id='word_1_125' title='bbox 575 884 771 927; x_wconf 79' lang='grc' dir='ltr'><em>Ἀδώραμος.</em></span> <span class='ocrx_word' id='word_1_126' title='bbox 820 881 905 924; x_wconf 73' lang='grc' dir='ltr'><em>ἦσαν</em></span> <span class='ocrx_word' id='word_1_127' title='bbox 939 882 968 915; x_wconf 84' lang='grc' dir='ltr'><em>δ’</em></span> <span class='ocrx_word' id='word_1_128' title='bbox 1001 883 1035 914; x_wconf 84' lang='grc' dir='ltr'><em>ἐκ</em></span> <span class='ocrx_word' id='word_1_129' title='bbox 1067 888 1134 915; x_wconf 85' lang='grc' dir='ltr'><em>τῶν</em></span> 
     </span>
     <span class='ocr_line' id='line_1_17' title="bbox 116 935 1134 982; baseline -0.005 -10"><span class='ocrx_word' id='word_1_130' title='bbox 116 942 298 982; x_wconf 86' lang='grc' dir='ltr'><em>παροίκων,</em></span> <span class='ocrx_word' id='word_1_131' title='bbox 329 939 387 976; x_wconf 83' lang='grc' dir='ltr'><em>οὓς</em></span> <span class='ocrx_word' id='word_1_132' title='bbox 409 939 561 979; x_wconf 76' lang='grc' dir='ltr'><em>Δαυίδης</em></span> <span class='ocrx_word' id='word_1_133' title='bbox 583 939 822 977; x_wconf 74' lang='grc' dir='ltr'><em>κατελελοίπει,</em></span> <span class='ocrx_word' id='word_1_134' title='bbox 850 942 917 968; x_wconf 84' lang='grc' dir='ltr'><em>τῶν</em></span> <span class='ocrx_word' id='word_1_135' title='bbox 945 935 1006 978; x_wconf 74' lang='grc' dir='ltr'><em>μὲν</em></span> <span class='ocrx_word' id='word_1_136' title='bbox 1031 948 1134 978; x_wconf 88' lang='grc' dir='ltr'><em>παρα-</em></span> 
     </span>
     <span class='ocr_line' id='line_1_18' title="bbox 116 988 1135 1035; baseline -0.005 -10"><span class='ocrx_word' id='word_1_137' title='bbox 116 995 316 1035; x_wconf 81' lang='grc' dir='ltr'><em>κομιζόντων</em></span> <span class='ocrx_word' id='word_1_138' title='bbox 340 992 400 1032; x_wconf 81' lang='grc' dir='ltr'><em>τὴν</em></span> <span class='ocrx_word' id='word_1_139' title='bbox 423 993 557 1023; x_wconf 76' lang='grc' dir='ltr'><em>λιθείαν</em></span> <span class='ocrx_word' id='word_1_140' title='bbox 580 990 635 1022; x_wconf 84' lang='grc' dir='ltr'><em>καὶ</em></span> <span class='ocrx_word' id='word_1_141' title='bbox 658 991 719 1031; x_wconf 82' lang='grc' dir='ltr'><em>τὴν</em></span> <span class='ocrx_word' id='word_1_142' title='bbox 738 991 843 1031; x_wconf 74' lang='grc' dir='ltr'><em>ἄλλην</em></span> <span class='ocrx_word' id='word_1_143' title='bbox 866 990 951 1030; x_wconf 80' lang='grc' dir='ltr'><em>ὕλην</em></span> <span class='ocrx_word' id='word_1_144' title='bbox 971 988 1050 1022; x_wconf 78' lang='grc' dir='ltr'><em>ἑπτα</em></span> <span class='ocrx_word' id='word_1_145' title='bbox 1075 1002 1135 1030; x_wconf 91' lang='grc' dir='ltr'><em>μυ-</em></span> 
     </span>
     <span class='ocr_line' id='line_1_19' title="bbox 117 1043 1135 1089; baseline -0.005 -11"><span class='ocrx_word' id='word_1_146' title='bbox 117 1047 242 1089; x_wconf 78' lang='grc' dir='ltr'><em>ριάδες,</em></span> <span class='ocrx_word' id='word_1_147' title='bbox 274 1051 342 1078; x_wconf 88' lang='grc' dir='ltr'><em>τῶν</em></span> <span class='ocrx_word' id='word_1_148' title='bbox 374 1043 411 1076; x_wconf 73' lang='grc' dir='ltr'><em>δὲ</em></span> <span class='ocrx_word' id='word_1_149' title='bbox 444 1045 678 1086; x_wconf 77' lang='grc' dir='ltr'><em>λατομούντων</em></span> <span class='ocrx_word' id='word_1_150' title='bbox 711 1044 973 1085; x_wconf 81' lang='grc' dir='ltr'><em>ὀκτακισμύριοι·</em></span> <span class='ocrx_word' id='word_1_151' title='bbox 1008 1043 1135 1074; x_wconf 84' lang='grc' dir='ltr'><em>τούτων</em></span> 
     </span>
     <span class='ocr_line' id='line_1_20' title="bbox 118 1096 1134 1139; baseline -0.005 -8"><span class='ocrx_word' id='word_1_152' title='bbox 118 1099 147 1132; x_wconf 83' lang='grc' dir='ltr'><em>δ’</em></span> <span class='ocrx_word' id='word_1_153' title='bbox 175 1099 342 1131; x_wconf 78' lang='grc' dir='ltr'><em>ἐπιστάται</em></span> <span class='ocrx_word' id='word_1_154' title='bbox 366 1099 541 1139; x_wconf 83' lang='grc' dir='ltr'><em>τρισχίλιοι</em></span> <span class='ocrx_word' id='word_1_155' title='bbox 569 1097 623 1128; x_wconf 83' lang='grc' dir='ltr'><em>καὶ</em></span> <span class='ocrx_word' id='word_1_156' title='bbox 653 1098 844 1138; x_wconf 90' lang='grc' dir='ltr'><em>τριακόσιοι.</em></span> <span class='ocrx_word' id='word_1_157' title='bbox 890 1096 975 1136; x_wconf 82' lang='grc'>&lt;60&gt;</span> <span class='ocrx_word' id='word_1_158' title='bbox 998 1104 1134 1137; x_wconf 77' lang='grc' dir='ltr'><em>προστε-</em></span> 
     </span>
     <span class='ocr_line' id='line_1_21' title="bbox 77 1149 1136 1194; baseline -0.002 -12"><span class='ocrx_word' id='word_1_159' title='bbox 77 1164 103 1182; x_wconf 81' lang='lat'><em>20</em></span> <span class='ocrx_word' id='word_1_160' title='bbox 118 1154 205 1194; x_wconf 79' lang='grc' dir='ltr'><em>τάχει</em></span> <span class='ocrx_word' id='word_1_161' title='bbox 230 1151 265 1184; x_wconf 71' lang='grc' dir='ltr'><em>δὲ</em></span> <span class='ocrx_word' id='word_1_162' title='bbox 290 1154 409 1189; x_wconf 82' lang='grc' dir='ltr'><em>λίθους</em></span> <span class='ocrx_word' id='word_1_163' title='bbox 428 1149 488 1192; x_wconf 76' lang='grc' dir='ltr'><em>μὲν</em></span> <span class='ocrx_word' id='word_1_164' title='bbox 507 1151 629 1188; x_wconf 85' lang='grc' dir='ltr'><em>αὐτοὺς</em></span> <span class='ocrx_word' id='word_1_165' title='bbox 652 1149 784 1191; x_wconf 81' lang='grc' dir='ltr'><em>τέμνειν</em></span> <span class='ocrx_word' id='word_1_166' title='bbox 805 1149 969 1191; x_wconf 75' lang='grc' dir='ltr'><em>μεγάλους</em></span> <span class='ocrx_word' id='word_1_167' title='bbox 993 1149 1039 1186; x_wconf 82' lang='grc' dir='ltr'><em>εἰς</em></span> <span class='ocrx_word' id='word_1_168' title='bbox 1058 1150 1136 1186; x_wconf 86' lang='grc' dir='ltr'><em>τοὺς</em></span> 
     </span>
     <span class='ocr_line' id='line_1_22' title="bbox 118 1201 1135 1246; baseline -0.004 -9"><span class='ocrx_word' id='word_1_169' title='bbox 118 1210 177 1238; x_wconf 89' lang='grc' dir='ltr'><em>τοῦ</em></span> <span class='ocrx_word' id='word_1_170' title='bbox 202 1209 284 1236; x_wconf 85' lang='grc' dir='ltr'><em>ναοῦ</em></span> <span class='ocrx_word' id='word_1_171' title='bbox 308 1206 498 1246; x_wconf 80' lang='grc' dir='ltr'><em>θεμελίους,</em></span> <span class='ocrx_word' id='word_1_172' title='bbox 527 1204 734 1245; x_wconf 80' lang='grc' dir='ltr'><em>ἁρμόσαντας</em></span> <span class='ocrx_word' id='word_1_173' title='bbox 761 1201 798 1234; x_wconf 74' lang='grc' dir='ltr'><em>δὲ</em></span> <span class='ocrx_word' id='word_1_174' title='bbox 821 1208 954 1244; x_wconf 87' lang='grc' dir='ltr'><em>πρῶτον</em></span> <span class='ocrx_word' id='word_1_175' title='bbox 977 1201 1032 1233; x_wconf 82' lang='grc' dir='ltr'><em>καὶ</em></span> <span class='ocrx_word' id='word_1_176' title='bbox 1057 1210 1135 1233; x_wconf 85' lang='grc' dir='ltr'><em>συν-</em></span> 
     </span>
     <span class='ocr_line' id='line_1_23' title="bbox 119 1255 1136 1300; baseline -0.004 -10"><span class='ocrx_word' id='word_1_177' title='bbox 119 1260 282 1299; x_wconf 72' lang='grc' dir='ltr'><em>δήσαντας</em></span> <span class='ocrx_word' id='word_1_178' title='bbox 302 1257 337 1289; x_wconf 83' lang='grc' dir='ltr'><em>ἐν</em></span> <span class='ocrx_word' id='word_1_179' title='bbox 356 1262 400 1300; x_wconf 78' lang='grc' dir='ltr'><em>τῷ</em></span> <span class='ocrx_word' id='word_1_180' title='bbox 420 1258 490 1298; x_wconf 78' lang='grc' dir='ltr'><em>ὄρει</em></span> <span class='ocrx_word' id='word_1_181' title='bbox 510 1258 736 1298; x_wconf 83' lang='grc' dir='ltr'><em>κατακομίζειν</em></span> <span class='ocrx_word' id='word_1_182' title='bbox 756 1255 860 1293; x_wconf 82' lang='grc' dir='ltr'><em>οὕτως</em></span> <span class='ocrx_word' id='word_1_183' title='bbox 880 1256 926 1292; x_wconf 79' lang='grc' dir='ltr'><em>εἰς</em></span> <span class='ocrx_word' id='word_1_184' title='bbox 947 1255 1008 1295; x_wconf 82' lang='grc' dir='ltr'><em>τὴν</em></span> <span class='ocrx_word' id='word_1_185' title='bbox 1027 1256 1136 1286; x_wconf 88' lang='grc' dir='ltr'><em>πόλιν.</em></span> 
     </span>
     <span class='ocr_line' id='line_1_24' title="bbox 119 1307 1135 1352; baseline -0.006 -8"><span class='ocrx_word' id='word_1_186' title='bbox 119 1312 247 1352; x_wconf 78' lang='grc' dir='ltr'><em>ἐγένετο</em></span> <span class='ocrx_word' id='word_1_187' title='bbox 271 1309 307 1342; x_wconf 77' lang='grc' dir='ltr'><em>δὲ</em></span> <span class='ocrx_word' id='word_1_188' title='bbox 332 1309 422 1342; x_wconf 89' lang='grc' dir='ltr'><em>ταῦτ’</em></span> <span class='ocrx_word' id='word_1_189' title='bbox 449 1310 489 1341; x_wconf 84' lang='grc' dir='ltr'><em>οὐ</em></span> <span class='ocrx_word' id='word_1_190' title='bbox 516 1310 604 1351; x_wconf 80' lang='grc' dir='ltr'><em>παρὰ</em></span> <span class='ocrx_word' id='word_1_191' title='bbox 632 1315 699 1340; x_wconf 84' lang='grc' dir='ltr'><em>τῶν</em></span> <span class='ocrx_word' id='word_1_192' title='bbox 727 1309 914 1349; x_wconf 81' lang='grc' dir='ltr'><em>οἰκοδόμων</em></span> <span class='ocrx_word' id='word_1_193' title='bbox 942 1313 1009 1339; x_wconf 86' lang='grc' dir='ltr'><em>τῶν</em></span> <span class='ocrx_word' id='word_1_194' title='bbox 1037 1307 1135 1348; x_wconf 80' lang='grc' dir='ltr'><em>ἐγχω-</em></span> 
     </span>
     <span class='ocr_line' id='line_1_25' title="bbox 119 1359 1136 1406; baseline -0.006 -9"><span class='ocrx_word' id='word_1_195' title='bbox 119 1367 201 1406; x_wconf 85' lang='grc' dir='ltr'><em>ρίων</em></span> <span class='ocrx_word' id='word_1_196' title='bbox 225 1366 347 1406; x_wconf 88' lang='grc' dir='ltr'><em>μόνων,</em></span> <span class='ocrx_word' id='word_1_197' title='bbox 371 1363 454 1394; x_wconf 80' lang='grc' dir='ltr'><em>ἀλλὰ</em></span> <span class='ocrx_word' id='word_1_198' title='bbox 477 1361 530 1394; x_wconf 83' lang='grc' dir='ltr'><em>καὶ</em></span> <span class='ocrx_word' id='word_1_199' title='bbox 550 1359 598 1394; x_wconf 83' lang='grc' dir='ltr'><em>ὧν</em></span> <span class='ocrx_word' id='word_1_200' title='bbox 616 1362 634 1394; x_wconf 82' lang='grc' dir='ltr'>ὁ</span> <span class='ocrx_word' id='word_1_201' title='bbox 653 1362 802 1403; x_wconf 80' lang='grc' dir='ltr'><em>Εἵραμος</em></span> <span class='ocrx_word' id='word_1_202' title='bbox 826 1362 947 1401; x_wconf 78' lang='grc' dir='ltr'><em>ἔπεμψε</em></span> <span class='ocrx_word' id='word_1_203' title='bbox 969 1366 1136 1401; x_wconf 86' lang='grc' dir='ltr'><em>τεχνιτῶν.</em></span> 
     </span>
     <span class='ocr_line' id='line_1_26' title="bbox 79 1413 1176 1457; baseline -0.002 -9"><span class='ocrx_word' id='word_1_204' title='bbox 79 1429 103 1448; x_wconf 78' lang='lat'><em>25</em></span> <span class='ocrx_word' id='word_1_205' title='bbox 186 1418 272 1457; x_wconf 74' lang='lat'>&lt;61&gt;</span> <span class='ocrx_word' id='word_1_206' title='bbox 298 1421 354 1457; x_wconf 82' lang='grc' dir='ltr'><em>τῆς</em></span> <span class='ocrx_word' id='word_1_207' title='bbox 378 1415 408 1447; x_wconf 84' lang='grc' dir='ltr'><em>δ’</em></span> <span class='ocrx_word' id='word_1_208' title='bbox 431 1416 622 1456; x_wconf 81' lang='grc' dir='ltr'><em>οἰκοδομίας</em></span> <span class='ocrx_word' id='word_1_209' title='bbox 646 1419 705 1446; x_wconf 91' lang='grc' dir='ltr'><em>τοῦ</em></span> <span class='ocrx_word' id='word_1_210' title='bbox 730 1419 812 1446; x_wconf 88' lang='grc' dir='ltr'><em>ναοῦ</em></span> <span class='ocrx_word' id='word_1_211' title='bbox 833 1414 996 1454; x_wconf 86' lang='grc' dir='ltr'><em>Σολομὼν</em></span> <span class='ocrx_word' id='word_1_212' title='bbox 1016 1413 1135 1455; x_wconf 80' lang='grc' dir='ltr'><em>ἤρξατο</em></span> <span class='ocrx_word' id='word_1_213' title='bbox 1156 1414 1176 1446; x_wconf 83' lang='grc'><strong>3</strong></span> 
     </span>
     <span class='ocr_line' id='line_1_27' title="bbox 118 1465 1136 1512; baseline -0.008 -8"><span class='ocrx_word' id='word_1_214' title='bbox 118 1471 273 1512; x_wconf 80' lang='grc' dir='ltr'><em>τέταρτον</em></span> <span class='ocrx_word' id='word_1_215' title='bbox 302 1472 373 1507; x_wconf 83' lang='grc' dir='ltr'><em>ἔτος</em></span> <span class='ocrx_word' id='word_1_216' title='bbox 403 1470 463 1509; x_wconf 77' lang='grc' dir='ltr'><em>ἤδη</em></span> <span class='ocrx_word' id='word_1_217' title='bbox 488 1473 545 1509; x_wconf 82' lang='grc' dir='ltr'><em>τῆς</em></span> <span class='ocrx_word' id='word_1_218' title='bbox 569 1469 736 1509; x_wconf 83' lang='grc' dir='ltr'><em>βασιλείας</em></span> <span class='ocrx_word' id='word_1_219' title='bbox 766 1469 850 1508; x_wconf 83' lang='grc' dir='ltr'><em>ἔχων</em></span> <span class='ocrx_word' id='word_1_220' title='bbox 878 1465 957 1507; x_wconf 84' lang='grc' dir='ltr'><em>μηνὶ</em></span> <span class='ocrx_word' id='word_1_221' title='bbox 982 1465 1136 1509; x_wconf 78' lang='grc' dir='ltr'><em>δευτέρῳ,</em></span> 
     </span>
     <span class='ocr_line' id='line_1_28' title="bbox 118 1517 1136 1564; baseline -0.007 -8"><span class='ocrx_word' id='word_1_222' title='bbox 118 1525 157 1556; x_wconf 87' lang='grc' dir='ltr'><em>ὃν</em></span> <span class='ocrx_word' id='word_1_223' title='bbox 185 1524 380 1560; x_wconf 64' lang='grc' dir='ltr'><em>ιΜακεδόνες</em></span> <span class='ocrx_word' id='word_1_224' title='bbox 412 1520 472 1564; x_wconf 73' lang='grc' dir='ltr'><em>μὲν</em></span> <span class='ocrx_word' id='word_1_225' title='bbox 498 1521 703 1563; x_wconf 82' lang='grc' dir='ltr'><em>Ἀρτεμίσιον</em></span> <span class='ocrx_word' id='word_1_226' title='bbox 735 1523 895 1552; x_wconf 86' lang='grc' dir='ltr'><em>καλοῦσιν</em></span> <span class='ocrx_word' id='word_1_227' title='bbox 918 1518 1065 1560; x_wconf 77' lang='grc' dir='ltr'><em>Ἑβραῖοι</em></span> <span class='ocrx_word' id='word_1_228' title='bbox 1100 1517 1136 1550; x_wconf 78' lang='grc' dir='ltr'><em>δὲ</em></span> 
     </span>
     <span class='ocr_line' id='line_1_29' title="bbox 116 1571 1136 1619; baseline -0.006 -10"><span class='ocrx_word' id='word_1_229' title='bbox 116 1576 191 1619; x_wconf 72' lang='grc' dir='ltr'><em>Ἰάρ,</em></span> <span class='ocrx_word' id='word_1_230' title='bbox 215 1575 282 1618; x_wconf 75' lang='grc' dir='ltr'><em>μετ’</em></span> <span class='ocrx_word' id='word_1_231' title='bbox 310 1577 364 1616; x_wconf 83' lang='grc' dir='ltr'><em>ἔτη</em></span> <span class='ocrx_word' id='word_1_232' title='bbox 389 1577 588 1607; x_wconf 86' lang='grc' dir='ltr'><em>πεντακόσια</em></span> <span class='ocrx_word' id='word_1_233' title='bbox 612 1573 666 1606; x_wconf 83' lang='grc' dir='ltr'><em>καὶ</em></span> <span class='ocrx_word' id='word_1_234' title='bbox 690 1573 889 1614; x_wconf 78' lang='grc' dir='ltr'><em>ἐνενήκοντα</em></span> <span class='ocrx_word' id='word_1_235' title='bbox 913 1571 967 1604; x_wconf 82' lang='grc' dir='ltr'><em>καὶ</em></span> <span class='ocrx_word' id='word_1_236' title='bbox 992 1573 1053 1603; x_wconf 84' lang='grc' dir='ltr'><em>δύο</em></span> <span class='ocrx_word' id='word_1_237' title='bbox 1077 1577 1136 1613; x_wconf 80' lang='grc' dir='ltr'><em>τῆς</em></span> 
     </span>
     <span class='ocr_line' id='line_1_30' title="bbox 120 1623 1135 1670; baseline -0.006 -8"><span class='ocrx_word' id='word_1_238' title='bbox 120 1629 172 1662; x_wconf 83' lang='grc' dir='ltr'><em>ἀπ’</em></span> <span class='ocrx_word' id='word_1_239' title='bbox 200 1630 372 1670; x_wconf 81' lang='grc' dir='ltr'><em>Αἰγύπτου</em></span> <span class='ocrx_word' id='word_1_240' title='bbox 396 1634 463 1661; x_wconf 88' lang='grc' dir='ltr'><em>τῶν</em></span> <span class='ocrx_word' id='word_1_241' title='bbox 484 1628 695 1670; x_wconf 81' lang='grc' dir='ltr'><em>Ἰσραηλιτῶν</em></span> <span class='ocrx_word' id='word_1_242' title='bbox 720 1627 850 1665; x_wconf 81' lang='grc' dir='ltr'><em>ἐξόδου,</em></span> <span class='ocrx_word' id='word_1_243' title='bbox 879 1626 959 1667; x_wconf 77' lang='grc' dir='ltr'><em>μετὰ</em></span> <span class='ocrx_word' id='word_1_244' title='bbox 986 1623 1022 1656; x_wconf 73' lang='grc' dir='ltr'><em>δὲ</em></span> <span class='ocrx_word' id='word_1_245' title='bbox 1046 1627 1135 1666; x_wconf 86' lang='grc' dir='ltr'><em>χίλια</em></span> 
     </span>
     <span class='ocr_line' id='line_1_31' title="bbox 80 1678 1136 1723; baseline -0.006 -8"><span class='ocrx_word' id='word_1_246' title='bbox 80 1692 106 1712; x_wconf 80' lang='grc'><em>30</em></span> <span class='ocrx_word' id='word_1_247' title='bbox 119 1682 172 1715; x_wconf 87' lang='grc' dir='ltr'><em>καὶ</em></span> <span class='ocrx_word' id='word_1_248' title='bbox 194 1686 317 1715; x_wconf 73' lang='grc' dir='ltr'><em>εἴκοσιν</em></span> <span class='ocrx_word' id='word_1_249' title='bbox 336 1684 390 1723; x_wconf 83' lang='grc' dir='ltr'><em>ἔτη</em></span> <span class='ocrx_word' id='word_1_250' title='bbox 411 1687 468 1723; x_wconf 83' lang='grc' dir='ltr'><em>τῆς</em></span> <span class='ocrx_word' id='word_1_251' title='bbox 484 1681 648 1723; x_wconf 79' lang='grc' dir='ltr'><em>Ἀβράμου</em></span> <span class='ocrx_word' id='word_1_252' title='bbox 667 1682 715 1718; x_wconf 82' lang='grc' dir='ltr'><em>εἰς</em></span> <span class='ocrx_word' id='word_1_253' title='bbox 734 1681 794 1720; x_wconf 83' lang='grc' dir='ltr'><em>τὴν</em></span> <span class='ocrx_word' id='word_1_254' title='bbox 811 1680 1004 1711; x_wconf 87' lang='grc' dir='ltr'><em>Χαναναίαν</em></span> <span class='ocrx_word' id='word_1_255' title='bbox 1024 1678 1058 1710; x_wconf 81' lang='grc' dir='ltr'><em>ἐκ</em></span> <span class='ocrx_word' id='word_1_256' title='bbox 1078 1683 1136 1719; x_wconf 85' lang='grc' dir='ltr'><em>τῆς</em></span> 
     </span>
     <span class='ocr_line' id='line_1_32' title="bbox 190 1739 1134 1776; baseline -0.004 -6"><span class='ocrx_word' id='word_1_257' title='bbox 190 1746 247 1776; x_wconf 71' lang='lat'><em>§58</em></span> <span class='ocrx_word' id='word_1_258' title='bbox 264 1757 295 1766; x_wconf 94' lang='lat'>=</span> <span class='ocrx_word' id='word_1_259' title='bbox 311 1746 326 1768; x_wconf 86' lang='lat'><strong>3</strong></span> <span class='ocrx_word' id='word_1_260' title='bbox 342 1743 409 1776; x_wconf 78' lang='lat' dir='ltr'>Reg.</span> <span class='ocrx_word' id='word_1_261' title='bbox 421 1743 444 1768; x_wconf 90' lang='lat' dir='ltr'>V</span> <span class='ocrx_word' id='word_1_262' title='bbox 457 1746 497 1769; x_wconf 74' lang='lat'><em>12.</em></span> <span class='ocrx_word' id='word_1_263' title='bbox 572 1745 585 1774; x_wconf 67' lang='grc' dir='ltr'>ξ</span> <span class='ocrx_word' id='word_1_264' title='bbox 602 1745 633 1768; x_wconf 83' lang='grc'><em>61</em></span> <span class='ocrx_word' id='word_1_265' title='bbox 651 1755 683 1763; x_wconf 89' lang='lat'><strong><em>=</em></strong></span> <span class='ocrx_word' id='word_1_266' title='bbox 700 1745 715 1768; x_wconf 89' lang='lat'><strong>3</strong></span> <span class='ocrx_word' id='word_1_267' title='bbox 731 1741 798 1774; x_wconf 78' lang='lat' dir='ltr'><em>Reg.</em></span> <span class='ocrx_word' id='word_1_268' title='bbox 815 1740 853 1766; x_wconf 84' lang='lat' dir='ltr'><em>VI</em></span> <span class='ocrx_word' id='word_1_269' title='bbox 871 1743 898 1771; x_wconf 67' lang='lat'><em>13</em></span> <span class='ocrx_word' id='word_1_270' title='bbox 920 1742 934 1765; x_wconf 78' lang='lat'><strong>2</strong></span> <span class='ocrx_word' id='word_1_271' title='bbox 950 1739 1040 1765; x_wconf 73' lang='lat' dir='ltr'>Pax-al.</span> <span class='ocrx_word' id='word_1_272' title='bbox 1057 1740 1134 1766; x_wconf 71' lang='lat'><em>1112.</em></span> 
     </span>
    </p>
   </div>
  </div>
 </body>
</html>
