1261 1917
550 62 675 87 omon
1057 59 1119 91 183

104 145 144 184 δὴ
168 142 221 174 καὶ
246 144 302 180 τὰς
327 144 478 180 εἰσόδους
502 142 615 179 αὐτοῖς
635 141 678 173 δι’
702 141 853 181 ἀλλήλων
875 142 1120 173 κατεσκεύασεν.

104 198 188 237 (136)
214 196 348 233 ἕκαστος
378 194 413 227 δὲ
443 201 509 227 τῶν
538 199 638 227 οῖ’κων
667 195 793 226 τούτων
822 192 918 235 εὖρος
946 193 1006 235 μὲν
1035 192 1121 235 εἶχεν

103 249 199 282 πέντε
222 250 345 290 πήχεις,
369 254 471 290 μῆκος
495 247 531 279 δὲ
555 249 632 285 τοὺς
657 248 792 287 αὐτούς,
816 247 902 284 ὕψος
926 245 963 278 δὲ
989 251 1122 278 εἰκόσιν.

105 302 355 346 ἐπῳκοδόμηντο
372 300 408 333 δὲ
424 302 553 338 τούτοις
573 302 706 332 ἄνωθεν
726 300 831 341 ἕτεροι
847 298 932 331 οἴκοι
947 299 1000 331 καὶ
1021 300 1122 331 πάλιν

77 365 89 383 1·
104 356 197 387 ἄλλοι
216 354 286 386 κατ’
310 355 429 394 αὐτῶν,
451 357 516 386 ι”σοι
535 353 589 385 καὶ
610 360 678 391 τοῖς
698 353 829 395 μέτροις
848 352 902 384 καὶ
918 358 962 396 τῷ
979 353 1121 395 ἀριθμῷ,

104 409 148 446 ὡς
166 409 202 440 τὸ
222 413 288 439 πᾶν
308 408 391 445 ὕψος
411 407 532 444 αὐτοὺς
552 409 667 448 λαβεῖν
688 411 730 449 τῷ
750 407 902 438 κάτωθεν
922 410 1000 449 οἴκῳ
1019 417 1122 447 παρα-

103 462 256 502 πλήσιον
290 461 306 492 ὁ
341 462 402 501 γὰρ
436 461 582 503 ὑπερῷος
615 460 675 491 οὐκ
711 458 750 500 ἦν
782 458 1122 503 περιῳκοδομημείιος.

105 515 197 555 <6Τ>
222 515 345 555 ὄροφος
370 513 399 545 δ’
427 514 540 551 αὐτοῖς
568 513 765 554 ἐπεβέβλητο
796 512 926 554 κέδρου.
973 511 1024 543 καῖ
1056 518 1124 549 τοῖς

105 566 165 608 μὲν
189 570 292 604 οἴκοις
316 564 412 604 οὗτος
437 568 521 604 ἴδιος
547 564 586 607 ἧν
611 565 749 609 ἑκάστῳ,
777 567 859 607 πρὸς
883 567 960 602 τοὺς
983 567 1125 605 πλησίον

67 629 90 648 1⁰
106 621 145 652 οὐ
169 620 359 659 συνάπτων,
389 626 457 657 τοῖς
481 618 511 651 δ’
538 620 651 657 ἄλλοις
680 619 826 660 ὑπῆρχεν
857 618 873 659 ἡ
903 618 1000 658 στέγη
1030 618 1124 658 κοινὴ

106 672 150 704 δι’
177 673 328 713 ἀλλήλων
353 672 558 714 δεδομημένη
583 674 754 713 μηκίσταις
779 672 891 709 δοκοῖς
914 670 968 702 καὶ
994 672 1126 711 διηκού-

106 735 179 764 σαις
198 726 363 765 ἁπάντων,
387 726 431 763 ὡς
455 728 531 763 τοὺς
551 726 672 767 μέσους
693 727 825 766 τοίχους
848 725 910 756 ὑπὸ
930 730 997 756 τῶν
1016 724 1126 755 αὐτῶν

106 778 417 820 συγκρατουμένους
450 779 556 817 ξύλων
596 777 898 820 ἐρρωμενεστέρους
937 778 991 808 διὰ
1029 782 1126 809 τοῦτο

108 834 270 873 γίνεσθαι.
317 832 410 872 <68>
440 831 558 872 τὴν-δ’
590 832 653 863 ὑπὸ
683 832 740 868 τὰς
763 830 891 872 [δοκοὺς
922 829 1041 870 στέγην
1070 835 1127 870 τῆς

69 894 93 913 ιῖ»
108 886 210 926 αὐτῆς
238 885 316 925 ὕλης
346 884 478 925 ἐβάλετο
507 889 616 915 πᾶσαν
645 882 821 924 ἐξεσμένην
850 884 896 920 εἰς
925 883 1127 924 φατνώματα

108 937 162 969 καὶ
186 939 429 979 προσκόλλησιν
452 941 586 978 χρυσοῦ.
633 938 710 974 τοὺς
739 934 775 967 δὲ
804 938 935 977 τοίχους
960 936 1128 977 κεδρίναις

109 991 277 1032 διαλαβὼν
297 992 407 1022 σανίσι
422 991 547 1031 χρυσὸν
562 989 677 1027 αὐταῖς
697 989 918 1029 ἐνετόρευσεν,
939 989 1020 1020 ὥστε
1040 991 1128 1021 στίλν

108 1046 180 1085 βειν
209 1044 335 1074 ἅπαντα
364 1044 422 1074 τὸν
453 1044 533 1074 ναὸν
564 1041 617 1073 καὶ
647 1042 912 1083 περιλάμπεσθαι
946 1043 1003 1079 τὰς
1036 1044 1129 1080 ὄψεις

108 1103 175 1128 τῶν
199 1097 371 1128 εἰσιόντων
396 1096 458 1127 ὑπὸ
483 1101 540 1136 τῆς
564 1096 668 1136 αὐγῆς
688 1100 746 1126 τοῦ
765 1099 891 1136 χρυσοῦ
915 1096 1128 1136 πανταχόθεν

69 1160 95 1178 2⁰
110 1148 321 1191 φαινομένης.
367 1149 453 1189 <69>
479 1148 495 1189 ἡ
521 1147 550 1180 δ’
574 1149 633 1189 ὅλη
658 1153 717 1180 τοῦ
744 1153 825 1180 ναοῦ
850 1149 1023 1189 οἰκοδομία
1047 1149 1129 1180 κατὰ

109 1202 236 1242 πολλὴν
264 1201 381 1242 τέχνην
416 1201 449 1233 ἐκ
478 1203 585 1233 λίθων
614 1201 807 1243 ἀκροτόμων
838 1200 982 1241 ἐγένετο,
1016 1210 1130 1233 συντε-

109 1254 240 1287 θέντων
273 1254 439 1296 ἁρμοδίως
471 1255 559 1286 πανυ
590 1254 644 1286 καὶ
674 1256 783 1293 λείως,
817 1254 861 1292 ὡς
891 1255 970 1295 μήτε
1001 1255 1130 1295 σφύρας

110 1307 182 1349 μήτ’
205 1309 307 1339 ἄλλου
331 1309 421 1345 τινὸς
445 1307 619 1348 ἐργαλείου
643 1312 832 1339 τεκτονικοῦ
856 1313 926 1344 τοῖς
950 1312 1130 1339 κατανοοῦ-

110 1370 165 1393 σιν
189 1360 346 1401 ἐργασίαν
371 1362 572 1401 δηλοῦσθαι,
601 1361 683 1392 ιὶλλὰ
713 1361 788 1401 δίχα
814 1365 872 1401 τῆς
900 1361 1027 1392 τούτων
1055 1361 1132 1401 χρή-

73 1423 98 1443 25
111 1423 192 1452 σεως
207 1419 316 1445 πᾶσαν
334 1413 498 1454 ἡρμόσθαι
519 1414 579 1454 τὴν
600 1414 682 1454 ὕλην
701 1419 893 1454 προσφυῶς,
916 1413 960 1450 ὡς
980 1412 1133 1444 ἑκούσιον

111 1468 171 1508 τὴν
195 1467 358 1508 ἁρμονίαν
387 1466 488 1507 αὐτῆς
516 1467 628 1498 δοκεῖν
656 1469 782 1507 μᾶλλον
814 1465 830 1506 ἣ
855 1471 912 1507 τῆς
942 1472 1009 1498 τῶν
1039 1466 1132 1507 ἐργα-

113 1522 210 1552 λείων
247 1519 400 1560 ἀνάγκης.
456 1520 552 1560 <70>
585 1518 818 1560 ἐφιλοτέχνησε
857 1518 887 1550 δ’
926 1519 943 1551 ὁ
979 1521 1134 1560 βασιλεὺς

112 1573 235 1605 ἄνοδον
260 1573 306 1610 εἰς
330 1573 388 1604 τὸν
408 1573 559 1615 ὑπερῷον
578 1570 672 1604 οἷκον
692 1573 746 1603 διὰ
767 1577 827 1603 τοῦ
849 1573 968 1613 εὔρους
989 1577 1047 1604 τοῦ
1067 1575 1134 1604 τοί-

115 1636 187 1666 χου·
217 1626 257 1657 οὐ
286 1626 347 1666 γὰρ
378 1623 442 1666 εἶχε
474 1626 583 1666 θύραν
607 1625 752 1666 μεγάλην
779 1626 860 1656 κατὰ
889 1630 946 1666 τῆς
973 1625 1135 1666 ἀνατολῆς

75 1687 102 1706 30
118 1679 161 1716 ὡς
185 1676 270 1719 εἶχεν
295 1679 311 1710 ὁ
335 1678 486 1710 κάτωθεν
511 1676 610 1718 οἶκος,
635 1677 706 1710 ἀλλ’
730 1678 764 1709 ἐκ
789 1684 855 1710 τῶν
876 1681 1029 1719 πλευρῶν
1050 1677 1134 1719 ἦσαν

189 1742 202 1771 ἓ
223 1742 255 1766 66
278 1753 309 1761 =
329 1742 344 1765 3
365 1740 432 1773 Reg.
454 1739 491 1765 VI
509 1742 548 1765 10.
