1261 1917
44 622 68 641 10

51 1675 76 1694 80

529 57 626 80 EKTH
1046 53 1089 85 63

79 137 182 174 οὕτως
196 141 352 177 παρῆκας,
372 136 614 177 διαχρήσασθαι
634 139 751 167 ποθῶν
771 134 823 166 καὶ
840 137 981 176 νομίζων
996 133 1089 166 πολέ-

79 202 168 231 μιον;
202 190 309 229 <289>
338 189 390 220 ὅτε
424 189 485 230 γάρ
519 198 580 220 σου
613 190 671 220 τὸν
698 187 843 228 πτέρυγα
871 193 930 219 τοῦ
960 189 1091 229 ῐματίου

80 242 249 284 ἀπέτεμον,
273 243 343 273 τότε
369 250 430 272 σου
453 240 506 272 καὶ
531 241 590 281 τὴν
614 241 761 281 κεφαλὴν
784 240 977 281 ἠδυνάμην.’
1023 240 1090 271 ἐπι-

81 297 187 333 δείξας
215 293 250 326 δὲ
280 296 314 326 τὸ
344 294 442 334 ῥάκος
479 294 563 325 ἰδεῖν
591 294 758 325 πιστεύειν
785 299 948 334 παρεῖχεν.
1001 292 1088 324 ’ἀλλ’

81 348 142 388 ἐγὼ
163 347 222 389 μὲν
242 347 429 388 ἀπεσχόμην
444 347 572 384 δικαίας
592 346 733 387 ἀμύνης’
755 347 846 386 φησί,
867 345 920 376 (σὺ
941 344 976 377 δὲ
996 352 1092 387 μῖσος

80 402 195 432 ἄδικον
219 400 278 432 οὐκ
298 400 385 431 αι’δεῖ
402 399 471 431 κατ’
495 399 574 441 ἐμοῦ
595 399 734 441 τρέφων.
780 401 859 436 θεὸς
879 404 981 430 ταῦτα
1001 399 1091 430 δικά-

81 464 156 489 σειε,
180 453 230 485 καὶ
257 455 314 485 τὸν
339 453 493 494 ἑκατέρου
517 455 640 494 τρόπον
664 453 756 494 ἡμῶν
781 452 940 492 έλέγξειε.’
983 453 1091 492 <290>

82 507 232 544 Σάουλος
256 506 286 538 δ’
309 506 357 538 ἐπὶ
384 511 428 549 τῷ
447 506 621 549 παραδόξῳ
642 511 698 546 τῆς
722 507 884 546 σωτηρίας
907 505 1092 546 θαυμάσας,

81 559 131 591 καὶ
158 560 217 600 τὴν
236 564 294 591 τοῦ
316 561 488 591 νεανίσκου
508 561 700 600 μετριότητα
719 558 770 590 καὶ
793 560 897 599 φύσιν
912 558 1092 598 ἐκπλαγείς,

83 612 244 655 ἀνῴμωξε.
300 614 335 644 τὸ
374 611 403 643 δ’
437 612 516 644 αὐτὸ
553 613 707 644 κάκείνου
739 613 953 652 ποιήσαντος,
991 611 1093 643 αὐτὸν

83 663 166 697 εἶναι
192 666 320 696 δίκαιον
344 665 472 697 στένειν
495 666 704 707 ἀπεκρίνατο·
730 665 782 696 “σὺ
806 663 865 706 μὲν
892 665 964 705 γάρ’
990 666 1093 705 φησίν

85 718 238 758 “ἀγτιθῶν
266 720 369 756 αἴτιός
397 730 449 759 μοι
480 718 631 759 γέγονας,
665 718 727 758 ἐγὼ
757 717 791 749 δὲ
821 717 871 749 σοὶ
902 723 1094 759 συμφορῶν.

85 771 235 809 ἐπεδείξω
265 770 300 802 δὲ
329 770 381 802 καὶ
407 772 550 813 σήμερον
573 772 633 812 τὴν
657 771 802 813 ἀρχαίων
827 773 942 812 ἔχοντα
970 772 1094 802 σαυτὸν

85 825 315 865 δικαιοσύνην,
354 826 388 856 οἳ
422 826 498 862 τοὺς
536 824 678 865 ἐχθροὺς
715 824 751 855 ἐν
784 824 900 866 ἐρημία
933 825 1094 865 λαβόντας

63 892 69 902 1
85 879 198 915 σώζειν
221 878 456 918 παρήγγελλον.
503 878 611 918 <291>
630 876 803 918 πέπεισμαι
824 877 864 917 δὴ
884 882 947 908 νῦν
967 877 1015 908 ὅτι
1041 876 1093 908 σοὶ

86 931 144 970 τὴν
172 932 341 971 βασιλείαν
369 930 386 961 ὁ
415 932 494 967 θεὸς
521 930 677 971 φυλάττει
710 929 764 961 καὶ
796 930 963 972 περιμένει
992 929 1027 961 σὲ
1056 931 1092 961 τὸ

85 984 216 1014 πάντων
231 982 468 1024 τῶνἙβραίων
486 984 612 1024 κράτος.
651 984 708 1021 δὸς
727 984 768 1023 δή
788 995 842 1024 μοι
862 985 987 1020 πίστεις
1002 983 1093 1024 ἐνόρ-

85 1048 162 1073 κους
186 1036 228 1076 μή
252 1047 316 1076 μου
340 1037 376 1067 τὸ
400 1035 496 1076 γένος
515 1036 720 1077 ἐξαφανίσαι,
744 1035 821 1078 μηδ’
845 1035 915 1077 ἐμοὶ
937 1045 1093 1077 μνησικα-

86 1093 206 1120 κοῦντα
226 1090 302 1126 τοὺς
322 1088 420 1130 ἐμοὺς
435 1089 592 1129 ἐκγόνους
612 1089 813 1127 ἐξαπολέσαι,
833 1095 970 1131 τηρῆσαι
987 1088 1025 1120 δέ
1038 1101 1094 1130 μοι

46 1150 57 1167 ¹2
86 1141 137 1172 καὶ
165 1147 267 1173 σῶσαι
287 1143 344 1173 τὸν
364 1140 476 1173 οἶκον.’
511 1143 632 1183 ὀμόσας
651 1143 697 1179 δέ,
717 1144 829 1180 καθὼς
848 1143 975 1183 ἠξίωκε,
990 1144 1095 1173 Δαυί-

87 1195 145 1234 δης
161 1194 315 1225 Σάουλον
329 1193 389 1235 μὲν
405 1196 450 1232 εἰς
465 1196 525 1235 τὴν
540 1196 630 1227 ἰδίαν
644 1195 785 1227 ἀπέλυσε
800 1198 981 1237 βασιλείαν,
996 1195 1095 1233 αὐτὸς

89 1245 123 1277 δὲ
139 1247 216 1286 μετὰ
236 1252 301 1278 τῶν
317 1249 378 1278 σὺν
394 1247 480 1290 αὐτῷ
497 1249 543 1285 εἰς
558 1249 617 1288 τὴν
633 1251 831 1290 Μασθηρῶν
851 1248 949 1290 ἀνέβη
967 1250 1094 1289 στενήν.

155 1300 262 1339 (292)
287 1299 489 1340 ἀποθνήσκει
515 1299 550 1332 δὲ
575 1303 654 1332 κατὰ
678 1306 797 1333 τοῦτον
821 1303 879 1333 τὸν
902 1303 1018 1343 καιρὸν
1041 1301 1094 1333 καὶ

88 1353 284 1392 Σαμούηλος
312 1352 329 1384 ὁ
357 1354 541 1394 προφήτης,
569 1354 651 1395 ἀνὴρ
681 1354 720 1385 οὐ
748 1359 805 1395 τῆς
832 1356 993 1395 τυχούσης
1017 1355 1095 1386 ἀπο-

49 1426 59 1431 -
89 1405 211 1442 λαύσας
229 1406 316 1445 παρὰ
336 1411 404 1443 τοῖς
424 1405 587 1447 Ἑβραίοις
606 1411 709 1448 τιμῆς.
742 1406 813 1439 ἀλλ’
836 1407 1008 1448 ἐνεφάνισε
1033 1409 1095 1449 γὰρ

88 1458 147 1498 τὴν
175 1457 294 1498 ἀρετὴν
321 1458 423 1490 αὐτοῦ
451 1458 502 1490 καὶ
533 1460 592 1500 τὴν
621 1465 679 1491 τοῦ
706 1461 857 1500 πλήθους
885 1462 967 1501 πρὸς
995 1460 1096 1492 αὐτὸν

88 1511 222 1542 εὔνοιαν
246 1512 281 1542 τὸ
305 1511 430 1549 πένθος
454 1512 471 1543 ὃ
497 1511 546 1543 ἐπὶ
572 1515 678 1544 πολὺν
701 1515 823 1554 χρόνον
847 1513 864 1545 ὁ
889 1515 966 1551 λαὸς
990 1514 1095 1553 ἤγετο,

89 1563 140 1594 καὶ
164 1564 180 1604 ἡ
201 1564 274 1605 περὶ
296 1565 355 1605 τὴν
374 1565 483 1605 ταφὴν
502 1565 605 1597 αὐτοῦ
629 1565 681 1597 καὶ
704 1567 764 1606 τὴν
785 1572 851 1598 τῶν
873 1566 1097 1607 νομιζομένων

90 1615 320 1657 ἀναπλήρωσιν
350 1620 521 1658 φιλοτιμία
553 1629 586 1649 τε
619 1617 669 1648 καὶ
706 1619 842 1659 σπουδή.
895 1619 1001 1659 <293>
1035 1620 1096 1650 θά-

91 1677 205 1700 πτουσι
230 1668 260 1700 δ’
287 1669 388 1701 αὐτὸν
412 1670 447 1701 ἐν
471 1675 508 1711 τῇ
533 1671 665 1712 πατρίδι
687 1670 845 1714 Ἀρμαθςῖ,
869 1671 921 1703 καὶ
942 1671 992 1704 ἐπὶ
1019 1676 1096 1704 πολ-

161 1731 240 1760 §280
261 1742 291 1750 =
314 1732 326 1754 1
343 1729 410 1763 Reg.
430 1730 519 1755 XXIV
537 1734 577 1756 12.
