1261 1917
144 71 185 101 26
512 74 782 99 ΑΡΧΑΙΟΛΟΓΙΑΣ

142 154 208 182 λῶν
229 151 338 183 ἐθνῶν
358 150 452 190 εἶναι,
472 155 647 194 πολεμίους
667 154 887 190 ὑπονοοῦντες
902 153 1063 194 ἀλλήλους
1083 153 1149 195 (καὶ

140 205 201 245 γὰρ
227 206 353 243 εἴκαζον
377 205 538 246 ἀναβῆναι
563 207 644 247 πρὸς
668 207 788 244 αὐτοὺς
812 212 878 237 τῶν
894 205 1053 248 Ἑβραίων
1078 207 1149 248 οὐχὶ

140 259 217 294 τοὺς
236 258 296 288 δύο
316 258 452 299 μόνους)
472 259 518 295 είς
537 259 642 299 μάχην
664 258 851 300 ἐτράποντο.
889 258 942 290 καὶ
962 261 997 290 οἳ
1013 258 1073 300 μὲν
1093 261 1149 291 αὐ-

138 316 204 341 τῶν
228 310 438 351 ἀπέθνησκον
462 313 674 352 κτεινόμενοι,
699 310 785 349 τινες
810 310 845 343 δὲ
868 313 1047 352 φεύγοντες
1071 314 1151 344 κατὰ

139 368 204 394 τῶν
228 369 356 404 πετρῶν
380 364 567 404 ὠθούμενοι
591 366 892 405 κατεκρημνίζοντο.

205 417 312 456 <115>
328 422 393 447 τῶν
413 415 449 447 δὲ
466 422 525 448 τοῦ
541 418 696 449 Σαούλου
715 419 929 449 κατασκόπων
952 418 1150 459 τεταράχθαι

138 469 174 499 τὸ
195 470 416 509 στρατόπεδον
432 475 497 500 τῶν
514 472 747 501 Παλαιστινῶν
763 470 962 511 φρασάντων
978 476 1044 502 τῶν
1059 472 1150 511 βασι-

138 524 201 559 λεῖ,
234 522 385 559 Σάουλος
418 522 526 563 ἠρώτα
560 524 602 563 μή
636 535 684 560 τις
713 526 761 563 εἴη
793 529 858 554 τῶν
887 523 989 554 αὑτοῦ
1018 535 1150 564 κεχωρι-

138 573 264 614 σμένος.
309 574 450 612 ἀκούσας
471 573 506 606 δὲ
526 577 583 606 τὸν
603 576 678 606 υἱὸν
697 574 750 606 καὶ
775 577 837 606 σὺν
862 576 948 618 αὐτῷ
973 576 1030 606 τὸν
1054 576 1150 607 ὁπλο-

138 628 244 667 φόρον
282 627 427 665 ἀπεῖναι,
465 628 589 658 κελεύει
627 629 684 659 τὸν
721 628 872 669 ἀρχιερέα
910 630 1052 669 λαβόντα
1089 629 1148 668 τὴν

137 679 366 720 ἀρχιερατικὴν
391 680 511 719 στολὴν
535 681 755 721 προφητεύειν
779 681 866 723 αὐτῷ
891 680 965 721 περὶ
985 687 1051 712 τῶν
1075 684 1148 721 μελ-

137 734 272 763 λόντων.
319 737 377 763 τοῦ
407 731 441 763 δὲ
470 734 566 772 νίκην
596 734 729 764 ἔσεσθαι
753 731 809 775 {xa}
840 733 956 774 κράτος
979 733 1059 764 κατὰ
1083 739 1150 764 τῶν

136 787 302 826 πολεμίων
317 785 514 826 φράσαντος,
536 785 736 826 ἐπεξέρχεται
756 792 824 823 τοῖς
840 788 1075 823 Παλαιστινοῖς
1094 785 1147 817 καὶ

136 837 387 878 τεταραγμένοις
420 838 617 878 προσβάλλει
654 837 707 869 καὶ
742 839 944 878 φονεύουσιν
977 838 1146 879 ἀλλήλους.

137 891 243 930 <1162
267 890 465 931 προσρέουσι
486 890 515 921 ῥ’
538 890 625 933 αὐτῷ
645 890 697 921 καὶ
718 892 752 922 οἶ
769 893 929 932 πρότερον
951 894 997 928 εἵς
1017 903 1050 922 τε
1069 893 1146 929 τοὺς

136 943 324 984 ὑπονόμους
342 943 395 974 καὶ
412 945 458 980 είς
472 944 510 974 τὰ
529 945 669 983 σπήλαια
690 945 928 984 συμφυγόντες,
948 943 1146 981 ἀκούσαντες

136 997 184 1027 ὅτι
210 1001 284 1038 νικᾷ
305 996 464 1033 Σάουλος.
512 995 698 1036 γενομένων
723 995 752 1026 ὁ’
775 996 818 1033 ὡς
842 998 970 1037 μυρίων
993 997 1055 1036 ἤδη
1080 1002 1146 1028 τῶν

132 1049 307 1090 Ἑβραίων,
342 1049 451 1079 διώκει
480 1050 557 1085 τοὺς
584 1050 760 1089 πολεμίους
790 1050 870 1079 κατὰ
898 1054 1006 1080 πᾶσαν
1035 1048 1145 1090 ἐσκορ-

136 1101 314 1142 πισμένους
342 1102 401 1142 τὴν
430 1103 548 1143 χώραν.
596 1105 658 1132 εἴτε
688 1100 717 1132 δ’
748 1102 811 1132 ὑπὸ
840 1107 897 1142 τῆς
925 1101 976 1132 ἐπὶ
1005 1107 1042 1143 τῇ
1071 1104 1145 1142 νίκῃ

136 1160 236 1195 χαρᾶς
265 1155 348 1185 οὕτω
377 1156 571 1195 παραλόγως
604 1153 763 1195 γενομένῃ
792 1153 980 1195 (συμβαίνει
1012 1155 1072 1195 γὰρ
1101 1154 1170 1194 μὴτ1

135 1213 267 1248 κρατεῖν
295 1212 353 1238 τοῦ
382 1210 541 1247 λογισμοῦ
569 1208 645 1244 τοὺς
669 1207 772 1243 οὕτως
799 1206 1052 1247 εὐτυχήσαντας)
1077 1205 1142 1237 εἴθ’

135 1259 189 1291 ὑπ’
221 1260 370 1299 ἀγνοίας,
404 1261 450 1296 είς
483 1260 595 1290 δεινὸν
628 1261 801 1300 προπίπτει
833 1259 885 1290 καὶ
915 1260 1040 1300 πολλὴν
1070 1261 1145 1300 ἔχον

134 1313 339 1353 κατάμεμψιν
370 1314 476 1353 ἔργον.
527 1313 642 1352 <117>
676 1313 875 1352 βουλόμενος
906 1313 966 1353 γὰρ
996 1312 1083 1355 αὑτῷ
1111 1324 1144 1343 τε

134 1370 315 1406 τιμωρῆσαι
330 1364 383 1396 καὶ
404 1366 498 1405 (δίκην
519 1364 696 1405 ἀπολαβεῖν
716 1365 802 1405 παρὰ
820 1370 886 1395 τῶν
902 1367 1144 1404 Παλαιστινῶν,

136 1418 291 1459 ἐπαρᾶται
320 1424 388 1455 τοῖς
412 1417 589 1458 Ἑβραίοις,
623 1416 666 1448 ἵν’
698 1420 730 1448 εἴ
759 1429 807 1454 τις
837 1417 1058 1458 ἀποσχόμενος
1085 1422 1170 1448 τοῦ-

135 1472 292 1511 φονεύειν
315 1473 391 1508 τοὺς
416 1470 557 1511 ἐχθροὺς
581 1471 692 1511 φάγοι,
715 1469 768 1501 καὶ
793 1471 835 1510 μὴ
860 1469 952 1510 μέχρι
975 1470 1033 1507 νὺξ
1055 1469 1143 1500 ἐπελ-

134 1527 242 1554 θοῦσα
266 1529 323 1563 τῆς
347 1523 544 1564 ἀναιρέσεως
567 1523 617 1554 καὶ
645 1527 700 1562 τῆς
726 1523 866 1560 διώξεως
888 1522 1007 1558 αὐτοὺς
1026 1523 1143 1553 παύσει

134 1582 200 1607 τῶν
232 1578 412 1616 πολεμίων,
446 1573 541 1612 οὗτος
575 1575 733 1615 ἐπάρατος
766 1578 824 1615 εἴη.
876 1575 982 1614 <118>
1017 1579 1075 1605 τοῦ
1108 1573 1143 1606 δὲ

135 1629 290 1660 Σαούλου
310 1633 405 1659 τοῦτο
426 1629 602 1669 φήσαντος,
627 1627 694 1659 ἐπεὶ
715 1627 795 1658 κατά
815 1639 888 1658 τινα
909 1626 1054 1668 δρυμῶν’
1077 1627 1143 1667 ἐγέ-

136 1693 232 1712 νοντο
253 1683 364 1722 βαθὺν
383 1680 435 1712 καὶ
456 1684 615 1722 μελιττῶν
635 1680 784 1721 γέμοντα,
804 1685 860 1720 τῆς
873 1679 1054 1720 Ἐφραίμου
1069 1683 1143 1720 κλη-

206 1745 220 1773 ξ
240 1745 286 1767 114
309 1755 339 1763 =
364 1746 373 1767 1
398 1742 462 1774 Reg.
483 1741 545 1767 XIV
564 1744 602 1766 15.

1165 375 1177 394 5

1165 638 1189 657 10

1162 902 1186 920 15

1158 1689 1183 1707 30

1242 1622 1261 1917 52„—*⁷—--‘
