1261 1917
16 851 40 871 15

15 1115 40 1135 20

13 1381 38 1400 25

12 1643 38 1664 ³0

492 26 634 50 AEKATH
1005 23 1068 55 369

56 106 115 136 τὸν
143 104 254 146 μέντοι
284 104 313 145 γ’
340 104 450 136 αὐτῶν
476 105 669 146 παραβάντα
698 105 820 144 ταύτην
848 104 907 144 τὴν
936 105 1071 146 γνώμην

57 159 104 195 είς
136 159 194 190 τὸν
224 163 290 189 τῶν
318 159 462 189 λεόντων
490 159 624 197 ἔκριναν
655 157 748 198 ῥῖψαι
781 157 900 188 λάκκον
929 157 1069 189 ἀπολού-

56 222 166 252 μενον.
206 211 315 250 <254>
339 211 356 242 ὁ
381 209 417 242 δὲ
436 211 590 251 βασιλεὺς
614 210 654 241 οὐ
678 210 825 241 συνιδὼν
849 211 909 250 τὴν
932 222 1071 250 κακουρ-
1091 219 1107 242 6

56 265 133 303 γίαν
157 262 277 302 αὐτῶν,
301 261 373 293 οὐδ’
401 261 453 293 ἐπὶ
477 264 536 294 τὸν
559 265 731 302 Δανιῆλον
755 267 856 294 ταῦτα
879 271 1071 294 κατεσκευα-

56 315 197 357 σμένους
224 316 427 355 ὑπονοήσας,
460 314 658 356 ἀρέσκεσθαι
686 320 755 352 τοῖς
784 314 838 346 ὑπ’
870 315 980 347 αὐτῶν
1009 316 1071 355 ἔφη

57 367 278 409 δεδογμένοις,
298 367 350 399 καὶ
369 368 533 408 κυρώσειν
552 368 612 408 τὴν
631 370 826 409 προαίρεσιν
846 367 955 399 αὐτῶν
975 367 1071 407 ἐπαγ-

56 422 252 462 γελλόμενος
280 423 459 462 προτίθησι
490 422 687 462 πρόγραμμα
721 421 846 461 δηλοῦν
876 425 920 462 τῷ
951 421 1073 460 πλήθει

55 475 94 505 τὰ
119 474 259 512 δόξαντα
283 479 352 511 τοῖς
376 474 566 515 σατράπαις.
613 474 730 513 <255>
760 473 813 505 καὶ
839 474 873 505 οἵ
895 471 954 514 μὲν
978 473 1072 504 ἄλλοι

55 527 175 564 πάντες
198 528 440 568 φυλαττόμενοι
466 528 504 558 τὰ
528 525 794 568 προστεταγμένα
818 527 861 567 μὴ
883 527 1073 567 παραβῆναι

55 579 216 621 ἠρέμουν,
249 581 406 623 Δανιήλῳ
439 578 474 611 δὲ
505 578 644 620 φροντὶς
674 578 748 610 οὐδ’
782 579 916 619 ἡτισοῦν
947 579 1074 610 τούτων

56 630 107 673 ἧν,
132 631 203 664 ἀλλ’
226 633 270 670 ὡς
290 630 377 673 εἶχεν
397 634 485 671 ἔθος,
511 633 684 673 ἱστάμενος
703 632 819 673 ἠὔχετο
840 637 884 674 τῷ
904 635 972 674 θεῷ
992 631 1073 662 πάν-

55 697 122 716 των
146 685 312 726 ὁρώντων.
359 686 476 726 <256>
507 686 541 717 οἱ
567 684 604 716 δὲ
633 685 811 726 σατράπαι,
839 690 896 725 τῆς
922 685 1074 725 ἀφορμῆς

55 737 169 775 αὐτοῖς
194 738 234 778 ἣν
259 738 461 776 ἐσπούδαζον
486 740 601 779 λαβεῖν
625 737 677 769 ἐπὶ
702 739 760 769 τὸν
779 741 951 778 Λανιῆλον
971 749 1074 778 παρα-

56 792 225 831 φανείσης,
245 791 348 828 εὐθὺς
362 789 444 831 ἧκον
459 792 541 832 πρὸς
555 793 614 822 τὸν
629 790 775 831 βασιλέα,
795 790 849 822 καὶ
867 791 1074 831 κατηγόρουν

56 843 100 881 ὡς
123 846 388 885 παραβαίνοντος
411 846 517 885 μόνου
539 849 598 875 τοῦ
618 845 791 884 Δανιήλου
815 844 853 874 τὰ
877 852 1074 884 προστεταγ-

55 896 138 937 μένα
167 896 323 938 (μηδενὸς
352 897 414 937 γὰρ
445 902 511 927 τῶν
542 897 652 928 ἄλλων
683 899 870 937 τολμῶντος
897 896 1074 937 προσεύχε-

55 952 136 980 σθαι
161 954 230 986 τοῖς
253 948 372 990 θεοῖς),
396 948 449 980 καὶ
470 948 557 980 τοῦτ’
581 950 620 980 οὐ
644 948 687 980 δι’
711 948 891 990 εὐσέβειαν,
916 948 998 980 ἀλλὰ
1018 949 1073 979 διὰ

55 1002 209 1042 φυλακὴν
232 1001 286 1033 καὶ
311 1002 506 1042 διατήρησιν
532 1002 593 1033 ὑπὸ
614 1006 673 1033 τοῦ
693 1003 837 1042 φθόνου.
877 1002 985 1041 <ἷ257>
1009 1000 1073 1032 ἀπὸ

56 1055 116 1095 γὰρ
141 1056 289 1095 μείζονος
314 1052 351 1095 ἧς
369 1056 582 1095 προσεδόκων
607 1054 738 1091 εὐνοίας
761 1058 858 1085 τοῦτο
882 1059 991 1085 ποιεῖν
1015 1054 1074 1084 τὸν

55 1110 202 1147 Δαρεῖον
225 1107 528 1148 ὑπολαμβάνοντες,
552 1107 596 1144 ὡς
619 1106 673 1138 καὶ
693 1107 982 1148 καταφρονήσαντι
1007 1112 1073 1138 τῶν

56 1159 185 1192 ἐκείνου
209 1160 469 1201 προσταγμάτων
494 1161 693 1201 συγγνώμην
716 1158 851 1200 ἑτοίμως
872 1158 994 1200 νέμειν,
1018 1157 1072 1190 καὶ

55 1213 134 1244 αὐτὸ
160 1217 256 1244 τοῦτο
281 1215 516 1254 βασκαίνοντες
544 1217 588 1255 τῷ
612 1214 784 1255 Δανιήλῳ,
814 1213 889 1244 οὔτε
918 1212 1072 1253 μετεβάλ-

54 1269 152 1298 λοντο
181 1267 263 1306 πρὸς
291 1267 327 1297 τὸ
357 1266 578 1307 ἡμερώτερον,
608 1266 736 1306 ῥίπτειν
765 1264 794 1296 δ’
827 1265 928 1296 αὐτὸν
956 1265 1072 1305 ἠξίουν

53 1319 134 1350 κατὰ
158 1320 216 1350 τὸν
242 1320 344 1360 νόμον
369 1320 415 1356 είς
439 1320 497 1350 τὸν
521 1318 642 1349 λάκκον
670 1324 736 1349 τῶν
763 1319 915 1349 λεόντων.
961 1318 1070 1357 (258)

55 1371 188 1409 ἐλπίσας
213 1370 242 1402 δ’
270 1371 287 1403 ὁ
311 1375 454 1413 Δαρεῖος
478 1371 527 1402 ὅτι
553 1371 685 1411 ῥύσεται
710 1371 745 1402 τὸ
771 1374 867 1402 θεῖον
891 1370 993 1402 αὐτὸν
1016 1369 1071 1401 καὶ

54 1423 154 1456 οὐδὲν
177 1425 220 1465 μὴ
240 1425 331 1466 πάθῃ
352 1426 464 1456 δεινὸν
486 1425 547 1456 ὑπὸ
568 1430 634 1456 τῶν
654 1426 794 1465 θηρίων,
819 1422 989 1455 ἐκέλευσεν
1013 1423 1070 1454 αὐ-

53 1479 111 1509 τὸν
140 1477 294 1518 εὐθύμως
322 1477 438 1518 φέρειν
466 1479 504 1509 τα
529 1479 762 1518 συμβαίνοντα.
809 1475 862 1507 καὶ
887 1475 1070 1516 βληθέντος

54 1532 100 1568 είς
124 1531 343 1569 τὸνλάκκον,
372 1532 558 1571 σφραγίσας
586 1531 644 1562 τὸν
675 1529 725 1561 ἐπὶ
756 1534 814 1561 τοῦ
844 1531 981 1569 στομίου
1004 1531 1068 1560 κεί-

53 1594 155 1624 μενον
178 1582 250 1614 ἀντὶ
272 1584 380 1624 θύρας
399 1585 499 1614 λίθον
519 1583 736 1624 ἀνεχώρησεν,
760 1582 812 1613 καὶ
836 1581 878 1613 δι’
902 1582 979 1622 ὅλης
998 1582 1069 1612 ἄσι-

53 1648 108 1674 τος
132 1641 188 1677 τῆς
214 1637 330 1673 νυκτὸς
354 1635 407 1666 καὶ
432 1636 558 1673 ἄυπνος
582 1636 707 1676 διῆγεν,
733 1635 886 1675 ἀγωνιῶν
911 1633 985 1674 περὶ
1008 1639 1068 1665 τοῦ

124 1700 138 1728 ξ
154 1699 206 1723 254
223 1710 255 1718 =
270 1696 339 1722 Dan.
355 1696 393 1721 VI
412 1699 450 1723 10.

107 1746 234 1765 1oszpnrs.
257 1746 287 1765 11.
874 1742 907 1765 *24
