1261 1917
151 59 214 90 262
516 61 786 86 ΑΡΧΑῙΟΛΟΓΙΑΣ

150 139 281 181 ἐχθρῶν
309 139 362 171 καὶ
391 143 567 172 σκυλεῦσαι
595 143 672 178 τοὺς
695 142 839 182 νεκρούς.
886 141 938 173 καὶ
967 144 1001 174 οἳ
1022 141 1082 183 μὲν
1107 143 1157 174 ἐπὶ

149 198 236 233 τρεῖς
259 192 380 234 ἡμέρας
404 194 617 230 σκυλεύοντες
641 195 761 234 ἔκαμον
785 194 958 236 (τοσοῦτον
977 192 1018 236 ἦν
1037 197 1073 227 τὸ
1093 201 1158 228 τῶν

150 244 364 286 ἀνῃρημένων
379 246 534 287 πλῆθος)·
550 247 634 287 <15>
645 251 682 288 τῇ
698 247 833 288 τετάρτῃ
848 245 883 278 δὲ
899 248 1159 289 συναθροισθεὶς

148 302 211 335 πᾶς
235 298 252 330 ὁ
277 299 354 335 λαὸς
378 301 424 335 εἴς
447 311 520 330 τινα
543 302 656 331 κοῖλον
679 299 733 331 καὶ
753 301 953 341 φαραγγώδη
977 302 1079 332 τόπον
1098 302 1158 341 τὴν

149 355 206 382 τοῦ
230 354 314 382 θεοῦ
338 352 480 392 δύναμιν
503 351 556 383 καὶ
580 352 640 392 τὴν
664 354 850 393 συμμαχίαν
873 352 1072 393 ηὐλόγησαν,
1097 353 1154 394 ἀφ’
1172 363 1184 382 5

148 401 188 434 οὗ
215 403 269 434 καὶ
297 406 522 445 προσηγορίαν
551 406 643 445 ἔσχεν
672 405 688 436 ὁ
717 406 829 445 τόπος,
857 406 969 442 κοιλὰς
997 406 1156 446 εὐλογίας.

111 464 128 487 4
214 456 308 497 <16>
338 456 467 488 ἐκεῖθεν
491 456 520 488 δ’
548 457 723 497 ἀναγαγὼν
751 458 811 497 τὴν
840 458 994 498 στρατιὰν
1024 458 1040 489 ὁ
1065 461 1157 499 βασι-

147 511 222 546 λεὺς
246 510 292 546 εἰς
307 508 517 550 Ἱεροσόλυμα
536 509 686 551 τρέπεται
706 511 787 551 πρὸς
808 510 944 550 εὐωχίας
962 509 1016 540 καὶ
1036 512 1157 548 θυσίας

147 561 198 593 ἐπὶ
222 562 345 598 πολλὰς
368 561 498 603 ἡμέρας.
544 563 622 603 μετὰ
642 562 753 603 μέντοι
774 574 809 602 γε
829 563 888 602 τὴν
907 568 973 593 τῶν
992 565 1157 603 πολεμίων

146 614 248 645 αὐτοῦ
273 615 464 655 διαφθορὰν
484 615 706 646 ἀκουσθεῖσαν
725 621 794 652 τοῖς
813 615 1013 655 ἀλλοφύλοις
1033 616 1155 656 ἔθνεσι,
1171 626 1196 645 10

145 667 264 704 πάντες
288 664 379 698 οὗτοι
403 668 651 708 κατεπλάγησαν
677 668 794 707 αὐτόν,
822 668 866 705 ὡς
894 673 1046 709 φανερῶς
1069 668 1156 711 αὐτῷ

145 724 204 751 τοῦ
224 723 306 751 θεοῦ
326 721 362 751 τὸ
383 721 498 751 λοιπὸν
514 725 771 761 συμμαχοῦντος.
809 719 862 751 καὶ
880 719 1076 761 Ἰωσάφατος
1095 719 1155 761 μὲν

145 773 252 803 ἔκτοτε
277 773 355 813 μετὰ
380 775 527 813 λαμπρᾶς
556 773 652 813 δόξης
681 773 735 804 ε’πί
760 785 793 804 τε
823 774 1016 814 δικαιοσύνῃ
1039 772 1092 804 καὶ
1117 778 1155 815 τῇ

143 826 226 866 πρὸς
249 826 285 856 τὸ
309 828 405 856 θεῖον
430 825 578 868 εὐσεβείᾳ
603 827 727 866 διῆγεν,
753 827 837 865 <17>
861 823 902 866 ἧν
927 824 962 856 δὲ
985 827 1082 866 φίλος
1100 825 1154 857 καὶ

144 882 188 920 τῷ
220 882 279 908 τοῦ
305 876 443 918 Ἀχάβου
476 877 569 909 παιδὶ
603 879 810 919 βασιλεύοντι
843 884 909 909 τῶν
936 877 1154 919 Ἰσραηλιτῶν,
1170 887 1194 907 15

142 931 224 971 πρὸς
243 930 282 961 ὃν
301 931 504 970 κοινωνήσας
525 929 575 961 ἐπὶ
596 935 776 972 κατασκευῇ
796 936 881 962 νεῶν
903 933 949 968 εἴς
968 942 1002 962 τε
1022 933 1154 963 Πόντον

142 985 314 1014 πλεουσῶν
338 982 391 1014 καὶ
415 982 491 1014 τάπὶ
514 982 643 1025 Θρᾴκης
667 983 804 1024 ἐμπόρια
824 984 980 1024 διήμαρτε
1002 988 1061 1014 τοῦ
1080 985 1154 1024 κτή-

142 1045 254 1075 ματος
279 1035 342 1066 ὑπὸ
368 1035 429 1076 γὰρ
454 1035 616 1076 μεγέθους
640 1035 786 1067 ἀπώλετο
810 1036 849 1066 τὰ
874 1036 993 1076 σκάφη,
1021 1035 1073 1067 καὶ
1099 1037 1153 1068 διὰ

142 1086 231 1119 τοῦτ’
259 1087 366 1119 οὐκέτι
391 1087 465 1129 περὶ
489 1093 571 1125 ναῦς
596 1088 858 1129 ἐφιλοτιμήσατο.

208 1141 247 1171 τα
276 1138 336 1180 μὲν
365 1137 425 1171 οὗν
448 1139 522 1181 περὶ
547 1141 604 1172 τὸν
625 1139 860 1182 Ἱεροσολύμων
888 1140 1023 1181 βασιλέα
1045 1140 1151 1172 Ἰωσά-
1166 1143 1205 1170 20'

103 1193 124 1224 2
144 1204 250 1233 φατον
277 1193 381 1230 οὕτως
405 1191 503 1233 εἶχεν·
532 1193 626 1233 (18)
654 1193 670 1224 ὁ
696 1192 725 1224 δ’
750 1192 888 1233 Ἀχάβου
916 1199 992 1230 παῖς
1013 1192 1154 1235 Ὀχοζίας

143 1245 312 1286 ἐβασίλευε
344 1252 411 1277 τῶν
441 1245 650 1287 Ἰσραηλιτῶν
686 1245 721 1276 ἐν
754 1247 925 1288 Σαμαρείᾳ
956 1247 1153 1287 ποιούμενος

141 1299 201 1338 τὴν
230 1299 375 1338 δίαιταν,
403 1299 547 1339 πονηρὸς
576 1299 623 1329 ὧν
651 1297 704 1329 καὶ
732 1298 838 1329 πάντα
867 1299 979 1339 ὅμοιος
1006 1305 1075 1336 τοῖς
1098 1311 1152 1339 γο-

141 1355 256 1382 νεῦσιν
279 1350 477 1392 ἀμφοτέροις
504 1350 557 1382 καὶ
578 1350 772 1393 Ἱεροβοάμῳ
801 1356 845 1393 τῷ
869 1352 985 1394 πρώτῳ
1009 1363 1152 1393 παρανο-

141 1404 280 1444 μήσαντι
304 1402 358 1434 καὶ
382 1404 440 1435 τὸν
460 1404 540 1434 λαὸν
560 1403 687 1435 ἀπατᾶν
706 1403 884 1446 ἀρξαμένῳ.
930 1404 1014 1444 <19>
1036 1405 1096 1444 τὴν
1116 1403 1152 1436 δὲ
1166 1413 1192 1433 25

142 1457 313 1496 βασιλείαν
338 1457 408 1493 ἔτος
427 1457 489 1496 ἤδη
511 1457 666 1497 δεύτερον
686 1458 817 1497 ἔχοντος
841 1456 857 1488 ὁ
877 1461 943 1487 τῶν
962 1458 1151 1497 Μωαβιτῶν

142 1508 317 1549 ἀφίσταται
341 1510 495 1549 βασιλεὺς
519 1509 635 1549 αὐτοῦ,
663 1508 716 1540 καὶ
745 1510 822 1545 τοὺς
845 1510 985 1550 φόρους,
1013 1508 1071 1546 οὓς
1098 1510 1150 1549 ε”μ-

141 1564 290 1601 προσθεν
309 1561 410 1593 ἐτέλει
429 1566 474 1604 τῷ
493 1560 590 1602 πατρὶ
611 1561 712 1592 αὐτοῦ
730 1560 864 1604 Ἀχάβῳ,
883 1566 1033 1602 χορηγῶν
1053 1561 1150 1592 ε’παύ-

141 1621 228 1644 σατο.
275 1612 397 1654 συνέβη
426 1612 462 1644 δὲ
486 1614 544 1644 τὸν
565 1612 708 1653 Ὀχοζίαν
731 1614 970 1653 καταβαίνοντα
999 1613 1062 1644 ἀπὸ
1091 1618 1149 1645 τοῦ

211 1684 225 1713 ξ
242 1685 273 1707 15
295 1695 327 1703 =
347 1684 362 1707 2
378 1681 467 1707 Paral.
484 1681 533 1706 XX
549 1684 589 1708 26,
678 1684 692 1713 ξ,
710 1683 741 1707 18
762 1695 794 1703 =
814 1684 829 1707 3
845 1682 912 1715 Reg.
928 1681 1005 1707 XXII
1021 1685 1061 1708 52.

141 1728 203 1757 §19
225 1725 440 1759 =4Reg.11.
