1261 1917
168 50 232 81 336
536 50 806 76 APXAIOAOPIAE

164 129 319 173 Ἰωακίμῳ
341 135 385 173 τῷ
404 135 470 162 τῶν
485 129 645 171 Ἑβραίων
665 131 772 171 ἒχοντι
791 130 851 170 τὴν
870 129 983 172 ἀρχήν,
1006 130 1059 161 καὶ
1080 139 1175 172 στρα-

165 183 251 214 τεύει
276 184 355 224 μετὰ
373 186 496 224 πολλῆς
516 184 685 224 δυνάμεως
705 182 756 214 ἐπὶ
776 185 852 221 τοὺς
869 182 1048 220 Ἰουδαίους
1072 184 1089 215 ὁ
1109 186 1174 214 Βα-

166 236 343 276 βυλώνιος,
372 237 497 278 φόρους
520 237 621 267 αἰτῶν
644 237 702 267 τὸν
722 235 905 277 Ἰωάκιμον,
934 235 953 276 ἢ
977 237 1174 277 πολεμήσειν

165 288 317 319 ἀπειλῶν.
363 288 380 320 ὃ
405 287 441 320 δὲ
469 289 580 326 δείσας
607 289 667 329 τὴν
695 288 846 329 ἀπειλήν,
874 287 927 320 καὶ
955 289 1015 328 τὴν
1039 289 1174 329 εἰρήνην

165 340 521 382 ἀντικαταλλαξάμενος
544 347 610 372 τῶν
633 341 816 382 χρημάτων,
842 341 978 381 ἤνεγκεν
1002 341 1089 384 αὐτῷ
1114 342 1173 382 φό-

165 404 244 433 ρους
268 393 325 430 οὓς
349 394 459 431 ἔταξεν
484 393 533 425 ἐπ’
560 395 614 434 ἔτη
637 395 720 435 τρία.

230 446 316 486 <88>
335 451 379 488 τῷ
395 445 430 477 δὲ
445 448 543 489 τρίτῳ
559 447 748 487 στρατεύειν
766 448 843 484 τοὺς
858 448 1061 487 Αἰγυπτίους
1076 446 1173 478 ἀκού-

165 507 224 535 σας
252 497 304 529 ἐπὶ
332 499 390 529 τὸν
418 499 635 539 Βαβυλώνιον
662 497 716 529 καὶ
748 500 825 536 τοὺς
858 501 983 540 φόρους
1014 499 1101 542 αὐτῷ
1129 499 1172 540 μὴ

165 552 258 591 δούς,
285 552 467 591 διεψεύσθη
490 556 548 591 τῆς
572 551 715 588 ἐλπίδος·
740 552 774 582 οἱ
795 553 856 592 γὰρ
881 552 1057 591 Αἰγύπτιοι
1080 552 1173 591 ποιή-

164 607 287 634 σασθαι
311 604 371 644 τὴν
390 605 562 644 στρατείαν
584 603 643 635 οὐκ
663 603 861 645 ἐθάρρησαν.
907 604 992 644 <89>
1015 608 1116 635 ταῦτα
1140 603 1169 635 δ’

165 656 181 687 ὁ
210 657 380 697 προφήτης
404 655 559 697 Ἱερεμίας
586 657 667 687 κατὰ
694 661 802 687 πᾶσαν
830 655 954 697 ἡμέραν
981 657 1173 697 προύλεγεν,

163 709 207 746 ὡς
218 709 323 749 μάτην
336 714 407 746 ταῖς
417 709 503 749 παρὰ
515 715 581 740 τῶν
592 710 785 748 Αἰγυπτίων
801 709 905 740 ἐλπίσι
922 708 1173 749 προσανέχουσι,

162 761 216 792 καὶ
236 762 280 799 ὡς
295 761 460 802 πέπρωται
475 766 513 802 τῇ
533 763 625 793 πόλει
645 762 708 793 ὑπὸ
723 766 782 792 τοῦ
798 763 1015 802 Βαβυλωνίου
1034 761 1173 793 ἀνάστα-

163 825 221 844 τον
249 813 405 853 γενέσθαι
437 814 491 845 καὶ
517 813 687 855 Ἰωάκιμον
717 815 775 845 τὸν
807 814 942 855 βασιλέα
970 818 1172 856 χειρωθῆναι

162 868 244 907 πρὸς
263 867 374 898 αὐτοῦ.
413 868 498 907 <90>
518 867 599 898 ἀλλὰ
619 866 709 898 ταῦτ’
732 868 779 904 εἰς
798 865 896 898 οὐδὲν
918 868 1088 909 χρήσιμον,
1113 867 1172 898 οὐκ

162 921 269 950 ὄντων
292 925 358 951 τῶν
382 919 636 960 σωθησομένων,
661 919 801 960 ἐλέγετο·
826 919 878 951 καὶ
903 921 964 961 γὰρ
986 921 1022 951 τὸ
1044 923 1173 960 πλῆθος

161 971 215 1002 καὶ
240 972 273 1003 οἱ
295 973 449 1013 ἄρχοντες
473 972 670 1009 ἀκούσαντες
691 972 912 1013 παρημέλουν,
935 971 988 1004 καὶ
1012 973 1093 1013 πρὸς
1118 973 1172 1013 ὀρ-

162 1025 224 1064 γὴν
248 1025 471 1065 λαμβάνοντες
499 1026 538 1056 τὰ
562 1026 735 1065 λεγόμενα,
764 1025 808 1062 ὡς
836 1024 1068 1066 οἰωνιζομένου
1091 1026 1171 1056 κατὰ

161 1081 220 1107 τοῦ
242 1077 401 1117 βασιλέως
419 1082 478 1109 τοῦ
497 1079 680 1118 προφήτου,
699 1078 757 1108 τὸν
772 1077 929 1118 Ἱερεμίαν
948 1076 1098 1118 «ᾐτιῶντο,
1117 1076 1171 1108 καὶ

161 1130 343 1169 ὑπάγοντες
362 1131 436 1171 δίκῃ
455 1133 748 1170 καταψηφισθῆναι
767 1131 849 1171 πρὸς
867 1132 1027 1171 τιμωρίαν
1046 1130 1169 1169 ἠξίουν.

161 1182 255 1222 <91>
285 1182 338 1213 καὶ
367 1183 401 1213 οἱ
426 1181 486 1223 μὲν
514 1183 607 1213 ἄλλοι
635 1183 754 1220 πάντες
781 1183 923 1223 «ἤνεγκαν
950 1183 1007 1220 τὰς
1037 1183 1170 1223 ψήφους

160 1233 232 1265 κατ’
255 1235 367 1274 αὐτοῦ,
391 1236 425 1265 οἳ
446 1234 475 1265 δ’
499 1234 693 1275 ἀπέγνωσαν
716 1241 782 1266 τῶν
800 1234 1042 1277 πρεσβυτέρων,
1066 1237 1100 1266 οἳ
1116 1234 1169 1266 καὶ

161 1292 266 1327 σοφῆς
290 1288 382 1324 ὄντες
406 1288 555 1324 διανοίας
574 1286 740 1319 ἀπέλυσαν
762 1289 820 1319 τὸν
839 1288 1012 1329 προφήτην
1032 1287 1094 1319 ἀπὸ
1114 1292 1171 1328 τῆς

161 1339 263 1380 αὐλῆς
286 1339 339 1370 καὶ
364 1346 432 1377 τοῖς
455 1341 567 1377 ἄλλοις
587 1341 852 1381 συνεβούλευσαν
875 1338 978 1381 μηδὲν
1003 1341 1170 1371 διαθεῖναι

160 1393 261 1423 κακὸν
280 1394 338 1423 τὸν
353 1392 524 1433 Ἱερεμίαν·
549 1394 634 1433 <92>
654 1394 767 1433 ἔλεγον
789 1394 850 1434 γὰρ
871 1393 911 1424 οὐ
930 1394 1034 1434 μόνον
1053 1397 1170 1424 τοῦτον

160 1444 334 1485 προλέγειν
349 1450 386 1486 τῇ
406 1447 498 1476 πόλει
519 1446 557 1476 τὰ
577 1445 747 1486 μέλλοντα,
767 1446 849 1477 ἀλλὰ
866 1445 919 1477 καὶ
934 1447 1086 1486 Μιχαίαν
1107 1446 1170 1485 πρὸ

160 1498 262 1528 αὐτοῦ
291 1503 392 1528 ταῦτα
422 1497 672 1538 κατηγγελκέναι
701 1497 754 1529 καὶ
782 1500 925 1535 πολλοὺς
955 1499 1090 1537 ἄλλους,
1124 1495 1171 1528 ὧν

159 1549 270 1586 οὐδεὶς
292 1550 356 1581 ὑπὸ
381 1556 447 1582 τῶν
471 1552 542 1582 τότε
567 1550 729 1591 βασιλέων
749 1549 847 1582 οὐδὲν
869 1552 1004 1590 ἔπαθεν,
1029 1549 1099 1581 ἀλλ’
1127 1550 1171 1587 ὡς

159 1604 329 1643 προφήτης
352 1607 411 1634 τοῦ
435 1606 518 1634 θεοῦ
542 1608 636 1643 τιμῆς
661 1605 761 1644 ἔτυχε.
808 1604 893 1643 <93>
921 1603 1051 1639 τούτοις
1074 1615 1170 1633 κατα-

158 1654 363 1695 πραΰναντες
400 1656 436 1686 τὸ
474 1658 603 1695 πλῆθος
635 1661 703 1692 τοῖς
735 1657 860 1696 λόγοις,
898 1654 1079 1696 ἐρρύσαντο
1114 1660 1170 1696 τῆς

230 1717 243 1744 ξ
260 1717 291 1740 87
313 1728 345 1736 =
365 1718 381 1741 4
396 1715 463 1748 Reg.
479 1715 566 1740 XXIV
585 1718 607 1740 1.
697 1718 711 1747 ξ]
728 1718 760 1741 89
782 1728 814 1737 =
833 1715 928 1741 Ierem.
943 1715 1033 1741 XXVI
1050 1718 1072 1742 1.

1188 615 1214 633 10

1188 878 1212 896 15

1186 1123 1211 1158 26

1185 1402 1210 1421 25

1184 1665 1209 1683 30
