1261 1917
517 40 640 64 οΓΔοιῐ
1023 36 1088 68 235

71 123 129 160 τῆς
144 117 196 150 ἐπὶ
208 118 351 150 ’Ἀσανον
366 121 548 160 στρατείας·
566 119 723 159 ἐφθάσθη
740 119 802 159 γὰρ
818 119 881 150 ὑπὸ
897 122 956 149 τοῦ
971 118 1087 159 χρεών,

71 170 125 203 καὶ
152 171 311 203 θάπτεται
341 170 401 212 μὲν
430 171 466 203 ἐν
497 174 609 213 Θαρσῇ
638 173 746 209 πόλει,
774 171 1025 211 παραλαμβάνει
1054 169 1084 201 δ’

72 223 174 256 αὐτοῦ
198 225 257 264 τὴν
277 224 382 266 ἀρχὴν
402 225 418 256 ὁ
438 231 515 262 παῖς
529 224 683 262 ’Ἠλανος
726 221 822 261 οὗτος
840 224 941 263 ἄρξας
960 222 1009 254 ἐπ’
1032 224 1086 263 ἔτη

72 277 132 308 δύο
152 279 297 319 τελευτᾷ,
316 278 542 318 φονεύσαντος
561 277 663 308 αὐτὸν
683 276 715 314 ἐξ
735 276 913 317 ἐπιβουλῆς
929 276 1086 317 Ζαμάρου

43 334 129 361 ὁτοῦ
154 330 318 371 ι”ππάρχου
342 335 399 371 τῆς
422 330 571 371 ἡμισείας
594 330 721 367 τάξεως.
768 330 877 369 <308>
903 340 1085 369 κατευωχηψ

70 382 174 414 θέντα
197 384 259 424 γὰρ
284 384 386 415 αὐτὸν
409 385 497 424 παρὰ
521 388 565 426 τῷ
586 384 748 426 οἰκονόμῳ
772 383 875 414 αὐτοῦ
890 381 991 413 Ὄλσα
1011 382 1085 413 τοῦ-

69 447 154 476 νομα
177 438 291 474 πείσας
316 437 509 478 ἐπιδραμεῖν
533 442 599 468 τῶν
623 435 681 477 ὑφ’
706 437 808 468 αὑτὸν
833 435 959 467 ἱππέων
983 435 1085 474 τινας,

70 487 236 520 ἀπέκτεινε
253 488 297 520 δι’
315 489 426 520 αὐτῶν
440 489 675 530 μεμονωμένον
694 495 760 520 τῶν
777 488 851 530 περὶ
872 489 974 520 αὑτὸν
994 488 1086 519 ὁπλι-

69 546 135 573 τῶν
162 541 216 573 καὶ
245 542 428 583 ἡγεμόνων·
459 539 550 573 οὗτοι
580 543 642 583 γὰρ
671 543 812 579 ἅπαντες
839 540 914 582 περὶ
943 541 1003 581 τὴν
1027 552 1085 572 πο-

31 605 55 626 ιο
69 596 219 635 λιορκίαν
242 601 309 626 τῶν
334 597 501 636 Γαβαθῶν
526 595 675 635 ἐγίνοντο
700 600 758 635 τῆς
782 597 1027 626 Παλαιστινῶν.

135 648 251 687 <309>
280 649 446 688 φονεύσας
475 646 510 679 δὲ
535 649 593 679 τὸν
608 648 758 679 ’Ήλανον
787 648 804 679 ὁ
834 648 996 688 ἵππαρχος
1022 649 1084 678 Ζα-

68 701 174 741 μάρης
193 701 291 738 αὐτὸς
310 702 488 742 βασιλεύει,
509 700 560 732 καὶ
582 706 692 732 πᾶσαν
711 701 771 741 τὴν
792 700 947 732 Βασάνου
968 700 1086 740 γενεὰν

67 755 149 785 κατὰ
173 755 233 794 τὴν
254 753 339 794 Ἰηοῦ
362 756 568 795 προφητείαν
597 755 802 794 διαφθείρει·
832 759 876 796 τῷ
905 754 967 794 γὰρ
996 753 1085 795 αὐτῷ

67 808 177 849 τρόπῳ
207 806 328 847 συνέβη
353 808 411 838 τὸν
440 805 532 838 οἷκον
561 807 664 838 αὐτοῦ
692 808 871 847 πρόρριζον
899 805 1084 837 ἀπολέσθαι

29 870 53 890 1⁵
68 860 123 890 διὰ
147 860 207 900 τὴν
231 859 384 901 ἀσέβειαν
404 861 448 897 ὡς
471 859 524 891 καὶ
549 861 607 891 τὸν
623 859 833 901 Ἱεροβοάμου
853 858 1084 900 διαφθαρέντα

67 912 287 953 γεγράφαμεν.
329 913 437 953 <310>
456 913 475 953 ἡ
496 911 532 944 δὲ
551 915 773 953 πολιορκοῦσα
794 912 854 952 τὴν
874 913 1085 953 Γαβαθώνην

67 966 202 1007 στρατια
230 965 404 1006 πυθομένη
434 966 472 996 τὰ
499 964 572 1007 περὶ
604 967 662 997 τὸν
686 964 837 1006 βασιλέα,
865 963 919 996 καὶ
945 965 993 997 ὅτι
1021 968 1084 997 Ζα-

67 1019 173 1060 μάρης
196 1018 390 1056 ἀποκτείνας
415 1019 518 1050 αὐτὸν
543 1020 606 1059 ἔχει
631 1019 692 1059 τὴν
716 1020 899 1059 βασιλείαν,
923 1017 975 1050 καὶ
1002 1018 1083 1059 αὐτὴ

66 1073 126 1103 τὸν
152 1071 335 1112 ἡγούμενον
364 1071 465 1112 αὐτῆς
486 1070 663 1112 Ἀμαρῖνον
691 1071 840 1109 ἀπέδειξε
868 1071 1019 1112 βασιλέα,
1049 1072 1085 1109 ὃς

27 1124 130 1156 εοάπὸ
155 1129 212 1164 τῆς
237 1125 442 1165 Γαβαθώνης
465 1124 652 1164 ἀναστήσας
674 1126 732 1156 τὸν
757 1126 898 1166 στρατὸν
925 1126 971 1162 εἰς
998 1127 1084 1166 Θαρ-

67 1177 130 1217 σὴν
149 1179 364 1218 παραγίνεται
384 1178 420 1209 τὸ
441 1179 620 1218 βασίλειον,
639 1177 693 1209 καὶ.
712 1178 913 1219 προσβαλὼν
932 1183 969 1219 τῇ
989 1179 1083 1210 πόλει

66 1230 148 1261 κατὰ
167 1230 285 1271 κράτος
304 1231 398 1271 αἱρεῖ.
443 1232 550 1271 <311>
572 1231 727 1273 Ζαμάρης
747 1229 783 1262 δὲ
802 1231 862 1271 τὴν
881 1232 980 1262 πόλιν
1000 1232 1084 1262 ἰδὼν

67 1282 285 1324 ἠρημωμένην
314 1282 502 1324 συνέφυγεν
530 1285 578 1321 εἰς
605 1285 642 1315 τὸ
666 1285 867 1325 μυχαίτατον
894 1290 962 1315 τῶν
990 1286 1083 1325 βασι-

67 1338 176 1373 λείων,
200 1335 253 1367 καὶ
278 1337 471 1377 ὑποπρήσας
494 1337 577 1368 αὐτὰ
601 1337 865 1377 συγκατέκαυσεν
889 1337 1001 1377 αὑτόν,
1026 1339 1083 1378 βα-

28 1398 53 1418 25
68 1390 221 1427 σιλεύσας
237 1389 357 1431 ἡμέρας
372 1388 460 1421 ἑπτά.
498 1389 608 1430 διέστη
630 1389 659 1421 δ’
683 1390 786 1427 εὐθὺς
805 1389 822 1421 ὁ
842 1395 909 1421 τῶν
926 1388 1084 1430 Ἰσραηλι-

67 1448 134 1474 τῶν
167 1444 259 1481 λαός,
295 1441 349 1473 καὶ
381 1444 416 1474 οἳ
446 1441 506 1483 μὲν
544 1443 654 1475 αὐτῶν
688 1445 859 1484 Θαμναῖον
895 1443 1084 1484 βασιλεύειν

67 1495 202 1535 ἤθελον,
226 1497 261 1526 οἳ
282 1494 318 1527 δὲ
342 1497 401 1527 τὸν
417 1495 603 1537 Ἀμαρῖνον.
645 1497 838 1536 νικήσαντες
860 1495 890 1527 δ’
913 1497 947 1527 οἱ
964 1501 1084 1528 τοῦτον

68 1548 180 1589 ἄρχειν
204 1548 372 1586 ἀξιοῦντες
392 1548 622 1580 ιάτοκτείνουσιΥ
642 1550 701 1580 τὸν
723 1551 905 1590 Θαμναῖον,
928 1548 982 1580 καὶ
1002 1560 1083 1580 παν-

68 1601 123 1638 τὸς
150 1601 315 1642 βασιλεύει
344 1601 361 1632 ὁ
387 1600 560 1642 Ἀμαρῖνος
593 1606 652 1633 τοῦ
681 1603 791 1642 ὄχλου.
843 1602 960 1642 <312>
994 1614 1083 1643 τρια-

28 1661 55 1682 30
68 1659 173 1697 κοστῷ
198 1653 227 1685 δ’
251 1656 313 1686 ἔτει
337 1659 395 1695 τῆς
411 1653 551 1686 ’Λσάνου
571 1657 739 1695 βασιλείας
760 1652 856 1696 ἧρξεν
876 1655 893 1687 ὁ
910 1654 1084 1696 Ἀμαρῖνος

141 1716 155 1746 5
171 1717 221 1740 308
243 1728 275 1736 =
296 1719 311 1741 3
326 1715 393 1748 Reg.
414 1715 477 1740 XVI
494 1719 517 1742 9.
