1261 1917
63 616 86 634 10

61 879 85 899 15

60 1144 85 1162 20

60 1406 84 1426 25

59 1670 85 1690 30

550 48 671 72 ENATH
1049 45 1112 78 287

103 131 182 171 ροὺς
205 129 298 160 ἰδεῖν.
340 129 447 168 <134>
473 129 602 165 τούτοις
620 127 769 165 πεισθεὶς
789 127 805 158 ὁ
823 126 1018 168 Ἰωνάδαβος
1038 127 1115 159 ἀνα-

102 183 162 224 βὰς
185 182 231 219 εἰς
260 182 296 212 τὸ
321 181 407 222 ἅρμα
436 182 482 218 εἰς
507 181 699 221 Σαμάρειαν
726 181 951 221 παραγίνεται.
998 180 1113 220 ἀναζη-

102 237 200 275 τήσας
228 233 263 266 δὲ
292 234 417 272 πάντας
444 235 522 271 τοὺς
545 233 685 274 Ἀχιὶβου
714 239 884 273 συγγενεῖς
905 232 1008 273 Ἰηοῦς
1036 233 1114 265 ἀπο-

101 290 228 320 κτείνει.
279 289 480 328 βουλόμενος
511 285 547 318 δὲ
578 285 703 327 μηδένα
734 291 800 317 τῶν
830 286 1114 326 ψευδοπροφητῶν

100 339 175 382 μηδ’
198 339 313 382 ἱερέων
333 346 399 372 τῶν
412 339 550 381 Ἀχάβου
565 343 655 371 θεῶν
670 339 730 379 τὴν
745 340 906 380 τιμωρίαν
925 340 1114 380 διαφυγεῖν,

101 394 205 435 ἀπάτῃ
238 392 291 424 καὶ
323 394 409 437 δόλῳ
443 393 568 430 πάντας
601 392 721 429 αὐτοὺς
754 391 945 433 συνέλαβεν.
997 392 1114 432 <ll-35>

101 447 262 487 ἁθροίσας
294 447 356 487 γὰρ
389 448 447 478 τὸν
480 447 562 477 λαὸν
593 447 655 486 ἔφη
687 446 869 486 βούλεσθαι
899 445 1114 483 διπλασίονας

101 497 147 531 ὧν
162 499 304 541 ’Ἄχαβος
322 503 412 531 θεῶν
433 500 626 539 εἰσηγήσατο
642 503 854 540 προσκυνεῖν,
873 497 926 529 καὶ
942 500 1019 536 τοὺς
1034 497 1114 529 ε’κεί-

103 565 169 584 νων
202 553 300 593 [ερεῐς
332 551 385 583 καὶ
418 553 590 593 προφήτας
624 552 717 592 ἠξίου
747 550 800 583 καὶ
830 552 972 589 δούλους
1004 551 1115 582 αὐτῶν

100 611 265 646 παρεῖναι·
288 607 409 642 θυσίας
429 606 490 646 γὰρ
510 607 700 642 πολυτελεῖς
719 604 772 636 καὶ
792 605 934 646 μεγάλας
954 604 1114 636 ἐπιτελεῖν

101 658 232 699 μέλλειν
255 664 323 696 τοῖς
343 657 482 699 Ἀχάβου
506 661 609 697 θεοῖς,
636 659 694 689 τὸν
719 657 749 689 δ’
776 656 1023 698 ἀπολειφθέντα
1048 663 1114 688 τῶν

102 711 216 751 ἶερέων
244 711 378 754 θανάτῳ
409 712 591 752 ζημιώσειν.
638 711 655 742 ὁ
685 709 719 742 δὲ
749 712 829 748 θεὸς
854 709 992 751 Ἀχάβου
1023 711 1113 741 Βαὰλ

101 763 254 796 ἐκαλεῖτο.
292 764 398 804 <136>
418 764 514 802 τάξας
535 763 564 795 δ’
589 763 712 805 ἡμέραν
731 763 808 795 καθ’
830 763 868 804 ἢν
888 765 1001 804 ε”μελλε
1020 764 1113 803 ποιή-

101 825 172 848 σειν
195 817 252 854 τὰς
275 818 407 856 θυσίας,
431 816 609 858 διέπεμψεν
633 816 696 848 ἀνὰ
720 821 828 848 πᾶσαν
847 817 907 856 τὴν
927 822 993 847 τῶν
1009 815 1111 856 Ἰσρα-

102 872 222 909 ηλιτῶν
236 870 346 911 χώραν
366 871 442 907 τοὺς
461 870 598 908 ἥξοντας
616 871 699 910 πρὸς
718 870 820 900 αὑτὸν
839 870 916 906 τοὺς
937 869 1035 910 ἱερεῖς
1054 873 1112 900 τοῦ

99 922 199 953 Βαάλ.
246 922 393 954 ἐκέλευσε
423 922 452 953 δ’
482 921 584 962 Ἰηοῦς
613 928 681 959 τοῖς
713 923 835 963 ι”ερεῦσι
865 923 980 953 δοῦναι
1011 926 1113 953 πᾶσιν

99 973 272 1016 ἐνδύματα.
315 977 485 1015 λαβόντων
510 974 545 1006 δὲ
569 975 748 1016 παρελθὼν
773 976 819 1012 εἰς
843 977 901 1007 τὸν
921 972 1014 1006 οἷκον
1033 975 1113 1016 μετὰ

99 1032 157 1059 τοῦ
181 1029 282 1068 φίλου
300 1026 510 1069 Ἰωναδάβου,
535 1029 578 1069 μή
598 1041 647 1065 τις
666 1028 702 1059 ἐν
722 1029 834 1065 αὐτοῖς
854 1028 1043 1069 ἀλλόφυλος
1063 1031 1111 1068 εἴη

98 1079 151 1111 καὶ
186 1080 277 1119 ξένος
310 1081 482 1122 ἐρευνῆσαι
516 1081 728 1123 προσέταξεν·
761 1081 801 1112 οὐ
835 1082 1016 1122 βούλεσθαι
1050 1083 1112 1123 γὰρ

100 1138 168 1170 τοῖς
184 1134 284 1174 ἱεροῖς
298 1134 408 1165 αὐτῶν
423 1134 598 1175 ἀλλότριον
613 1135 886 1175 παρατυγχάνειν.
923 1136 1030 1175 <137>
1046 1140 1113 1166 τῶν

100 1185 130 1216 δ’
154 1187 314 1218 εἰπόντων
338 1185 398 1228 μὲν
417 1187 538 1218 οὐδένα
558 1194 710 1228 παρεῖναι
731 1187 836 1227 ξένον,
859 1187 1112 1229 καταρξαμένων

100 1237 135 1270 δὲ
165 1244 231 1270 τῶν
258 1243 403 1280 θυσιῶν,
430 1240 641 1281 περιέστησεν
669 1240 793 1279 ἔξωθεν
822 1242 1026 1281 ὀγδοήκοντα
1055 1242 1112 1273 τὸν

100 1291 246 1332 ἀριθμὸν
269 1293 407 1333 ἄνδρας,
436 1293 494 1330 οὓς
522 1293 592 1335 ᾔδει
620 1294 836 1332 πιστοτάτους
864 1300 930 1325 τῶν
958 1294 1113 1334 ὁπλιτῶν,

99 1345 254 1382 κελεύσας
282 1345 395 1383 αὐτοῖς
422 1346 611 1378 ἀποκτεῖναι
645 1349 721 1384 τοὺς
748 1348 1026 1389 ’ψευδοπροφήτας
1058 1346 1112 1378 καὶ

101 1401 162 1428 νῦν
192 1403 260 1435 τοῖς
286 1400 436 1440 πατρίοις
465 1400 556 1430 ἔθεσι
583 1406 738 1441 τιμωρεῖν
766 1402 872 1432 πολὺν
900 1400 962 1440 ἤδη
991 1402 1113 1441 χρόνον

100 1450 374 1492 ὠλιγωρημένοις,
398 1451 576 1491 ἀπειλήσας
599 1450 682 1493 ὑπὲρ
706 1458 773 1484 τῶν
797 1454 1032 1493 διαφυγόντων
1056 1454 1113 1490 τὰς

100 1502 234 1535 ἐκείνων
265 1504 505 1545 ε’φαιρήσεσθαι
537 1505 652 1546 ψυχάς.
700 1506 816 1545 <133>
848 1508 882 1537 οἳ
911 1504 946 1537 δὲ
977 1507 1054 1543 τούς
1081 1505 1109 1537 τ’

99 1557 222 1598 ἄνδρας
246 1557 391 1595 ἅπαντας
414 1557 621 1598 κατέσφαξαν
648 1557 701 1589 καὶ
731 1560 789 1590 τὸν
818 1556 910 1590 οἷκον
937 1563 995 1590 τοῦ
1020 1560 1112 1590 Βαὰλ

100 1608 321 1650 ἐμπρήσαντες
336 1609 504 1651 ἐκάθηραν
524 1611 628 1648 οὕτως
643 1611 706 1642 ἀπὸ
726 1617 792 1642 τῶν
808 1611 944 1649 ξενικῶν
964 1610 1112 1652 ἐθισμῶν

100 1662 159 1702 τὴν
174 1663 375 1705 Σαμάρειαν.
408 1661 504 1701 οὗτος
520 1664 536 1695 ὁ
553 1665 643 1695 Βαὰλ
664 1666 794 1705 Τυρίων
812 1662 851 1705 ἦν
866 1666 956 1701 θεός·
971 1664 1112 1706 ’Ἄχαβος

172 1725 250 1754 3134
271 1737 302 1745 =
324 1727 339 1749 4
354 1724 421 1757 Reg.
437 1724 461 1749 X
479 1728 517 1750 17.
