1261 1917
152 65 217 97 300
516 68 786 93 ΑΡΧΑῙΟΛΟΓΙΑΣ

152 144 319 187 θυγατέρα
339 146 438 187 αὐτῆς
451 148 533 188 πρὸς
556 148 662 188 γάμον
680 153 724 191 τῷ
743 148 849 179 παιδί·
869 147 986 189 μεταξὺ
1002 146 1037 179 ὁὲ
1056 152 1157 178 ταῦτα

152 197 314 237 λέγουσαν
332 200 454 240 θηρίον
472 212 503 231 τι
521 201 766 241 παρερχόμενον
785 200 981 240 κατεπάτησε
1002 200 1062 240 τὴν
1081 200 1157 231 ἄκα-

153 262 221 281 νον.
267 251 383 291 <198>
410 251 498 283 τοῦτ’
525 250 585 283 οὖν
609 254 698 284 ἔσται
726 261 777 284 σοι
804 252 1008 293 παράδειγμα
1031 257 1090 283 τοῦ
1114 252 1156 292 μὴ

152 304 310 343 μειζόνων
342 302 511 345 ἐφίεσθαι,
548 304 623 345 μηδ’
659 306 707 336 ὅτι
740 305 800 345 τὴν
836 306 918 346 πρὸς
946 304 1158 346 Ἀμαληκίτας

152 355 258 396 μάχην
285 355 485 398 ηὐτύχησας,
513 356 565 388 ἐπὶ
592 358 693 399 ταύτῃ
721 359 947 399 γαυρούμενος
973 361 1080 399 σαυτῷ
1103 355 1157 388 καὶ

153 412 190 448 τῇ
215 409 364 451 βασιλείᾳ
388 417 448 440 σου
471 410 650 447 κινδύνους
673 409 818 441 ἐπισπῶ.’

219 461 326 500 <199>
351 466 451 492 ταῦτα
476 460 505 492 δ’
532 462 697 502 ἀναγνοὺς
713 461 866 503 Ἀμασίας
890 463 937 493 ἔτι
958 465 1082 503 μᾶλλον
1106 460 1158 493 ἐπὶ

152 513 212 552 τὴν
236 515 409 554 στρατείαν
431 514 642 555 παρωξύνθη,
665 519 724 545 τοῦ
743 518 825 546 θεοῦ
844 520 1079 556 παρορμῶντος
1102 513 1159 544 αὐ-

153 566 221 604 τόν,
245 563 346 606 οἶμαι,
368 567 451 607 πρὸς
474 566 592 607 αὐτήν,
619 567 674 597 ἵνα
698 572 764 597 τῶν
786 565 1090 608 παρανομηθέντων
1114 567 1160 602 εἰς

153 617 255 648 αὐτὸν
279 618 374 658 δίκην
396 618 553 659 ἀπολάβῃ.
600 618 644 655 ὡς
667 617 697 649 δ’
720 618 853 658 ἐξήγαγε
877 619 955 659 μετὰ
978 623 1036 659 τῆς
1060 618 1158 649 δυνά-

153 681 237 710 μεως
265 669 317 700 ἐπὶ
345 671 404 702 τὸν
428 670 561 702 Ἰώασον
587 670 641 702 καὶ
669 671 846 702 συνάπτειν
879 671 984 712 μάχην
1013 672 1159 711 ἔμελλον,

153 723 189 752 τὸ
211 720 366 762 Ἀμασιόυ
391 723 573 764 στράτευμα
597 724 702 764 φόβος
729 724 897 764 αἰφνίδιος
922 723 976 754 καὶ
999 723 1159 762 κατάπλη-

154 774 216 814 ξις,
245 775 319 806 οἵαν
342 776 421 812 θεὸς
445 775 504 806 οὐκ
527 775 665 816 εὐμενὴς
693 776 739 807 ὢν
763 775 948 816 ἐντίθησιν,
977 777 1023 812 εἰς
1048 775 1160 816 φυγὴν

154 828 278 868 ἔτρεψε,
302 826 355 858 καὶ
374 827 454 868 πρὶν
473 829 520 865 εἰς
538 833 649 869 χεῖρας
668 828 789 860 ἐλθεῖν.
837 829 945 868 <200>
966 827 1160 868 διασπαρέν-

154 891 219 910 των
239 880 279 919 δὴ
298 880 362 911 ὑπὸ
382 884 440 911 τοῦ
460 879 556 917 δεόυς
575 880 694 920 αὐτῶν,
718 880 913 921 μονωθέντα
931 881 989 912 τὸν
1005 879 1161 921 Ἀμασίαν

154 935 324 972 ληφθῆναι
362 931 483 973 συνέβη
520 934 602 974 πρὸς
638 938 705 963 τῶν
740 934 906 974 πολεμίων
943 933 1160 973 αἰχμάλωτον·

154 984 306 1024 ἠπείλησε
330 983 360 1015 δ’
383 985 470 1027 αὐτῷ
493 985 642 1016 θάνατον
658 984 798 1025 Ἰώασος,
822 986 852 1016 εἰ
874 986 917 1026 μὴ
940 987 1061 1016 πείσειε
1084 987 1161 1022 τοὺς

150 1035 410 1078 Ἱεροσολυμίτας
438 1037 631 1075 ἀνοίξαντας
663 1037 751 1080 αὐτῷ
783 1038 840 1074 τὰς
871 1038 976 1074 πύλας
1004 1037 1161 1075 δέξασθαι

154 1090 233 1130 μετὰ
257 1094 313 1129 τῆς
337 1094 489 1131 στρατιᾶς
513 1091 560 1127 εἰς
583 1091 642 1130 τὴν
661 1091 768 1121 πόλιν.
808 1090 915 1129 <201>
939 1089 994 1120 καὶ
1010 1089 1161 1131 Ἀμασίας

154 1140 214 1182 μὲν
237 1141 292 1173 ὑπ’
320 1141 463 1182 ἀνάγκης
485 1141 539 1174 καὶ
563 1147 621 1174 τοῦ
645 1141 720 1183 περὶ
747 1143 784 1174 τὸ
809 1144 865 1182 ζῆν
890 1141 985 1179 δέους
1009 1142 1161 1182 ἐποίησεν
1176 1154 1186 1172 2

155 1195 366 1234 εἰσδεχθῆναι
394 1196 452 1226 τὸν
479 1194 649 1236 πολέμιον·
678 1195 695 1226 ὃ
720 1194 757 1226 δὲ
781 1196 940 1232 διακόψας
963 1206 993 1226 τι
1016 1199 1075 1226 τοῦ
1099 1197 1161 1226 τεί-

154 1258 233 1287 χους
261 1247 305 1284 ὡς
332 1249 550 1288 τετρακοσίων
576 1249 720 1289 πήχεων,
754 1247 805 1288 ἐφ’
837 1248 979 1289 ἅρματος
1011 1248 1161 1287 εἰσήλασε

155 1300 210 1330 διὰ
233 1304 290 1339 τῆς
314 1300 472 1340 διακοπῆς
495 1301 541 1337 εἰς
561 1299 785 1341 Ἱεροσόλυμα,
812 1301 871 1331 τὸν
891 1299 1047 1341 Ἀμασίαν
1072 1301 1161 1339 ἄγων

155 1352 369 1392 αἰχμάλωτον.
416 1353 524 1393 <202>
548 1354 661 1394 κύριός
685 1365 717 1384 τε
742 1354 845 1396 τούτῳ
869 1358 913 1396 τῷ
937 1354 1045 1395 τρόπῳ
1070 1354 1161 1392 γενό-

154 1416 252 1445 μενος
275 1411 341 1436 τῶν
361 1404 597 1447 Ἱεροσολύμων
621 1406 698 1443 τούς
725 1418 759 1437 τε
782 1410 841 1437 τοῦ
865 1409 947 1437 θεοῦ
970 1406 1160 1446 θησαυροὺς
1175 1417 1185 1432 2

155 1456 312 1497 ἀνείλετο,
334 1456 388 1488 καὶ
413 1458 489 1495 ὅσος
511 1456 554 1498 ἧν
577 1463 621 1500 τῷ
642 1457 778 1500 Ἀμασίᾳ
800 1459 921 1499 χρυσὸς
944 1456 997 1489 καὶ
1018 1458 1161 1498 ἄργυρος

156 1509 191 1540 ἐν
214 1515 283 1546 τοῖς
306 1511 485 1550 βασιλείοις
509 1510 695 1551 ἐξεφόρησε,
719 1510 773 1542 καὶ
792 1510 895 1547 οὕτως
917 1509 1017 1540 αὐτὸν
1040 1508 1160 1540 ἀπολύ-

156 1570 214 1598 σας
238 1567 295 1602 τῆς
318 1564 539 1603 αἰχμαλωσίας
557 1563 726 1601 ἀνέζευξεν
746 1564 792 1600 εἰς
811 1562 1010 1603 Σαμάρειαν.
1053 1562 1160 1601 <203>

155 1618 256 1645 ταῦτα
276 1613 305 1645 δ’
330 1614 457 1654 ἐγένετο
476 1614 550 1656 περὶ
569 1617 646 1652 τοὺς
660 1614 919 1655 Ἱεροσολυμίτας
938 1615 1001 1645 ἔτει
1020 1614 1160 1657 τετάρτῳ

154 1665 208 1697 καὶ
241 1666 363 1710 δεκάτῳ
397 1671 453 1707 τῆς
483 1666 637 1708 Ἀμασίου
670 1668 849 1708 βασιλείας,
882 1666 918 1704 ὃς
950 1667 1027 1707 μετὰ
1060 1671 1185 1698 ταῦτα3

226 1730 240 1759 ξς
258 1730 306 1753 198
323 1741 354 1749 =
371 1729 386 1752 4
401 1727 468 1760 Reg.
483 1727 547 1753 XIV
560 1730 603 1758 10;
624 1730 638 1753 2
655 1727 743 1752 Paral.
760 1726 836 1752 XXV
849 1730 887 1753 19.

1175 630 1199 649 10

1176 892 1200 912 15
