1261 1917
498 52 647 77 EBAOMH
1016 50 1079 82 103

67 131 119 162 καὶ
143 132 270 172 μακρὸν
294 131 478 170 ἀνύσαντος
502 133 587 173 βίον,
612 132 811 172 γενήσεσθαι
836 132 894 163 τὸν
913 133 996 164 ναὸν
1014 132 1078 164 ὑπὸ

67 189 125 216 τοῦ
153 185 271 222 παιδὸς
298 190 358 216 τοῦ
381 184 450 227 μετ’
477 185 579 217 αὐτὸν
607 186 666 225 τὴν
690 186 861 226 βασιλείαν
888 188 1080 226 παραληψο-

68 236 179 278 μένου,
203 238 456 279 κληθησομένου
481 237 516 270 δὲ
537 241 748 278 Σολομῶνος,
772 235 812 269 οὗ
833 239 1079 278 προστήσεσθαι

66 290 119 322 καὶ
149 292 349 331 προνοήσειν
377 291 421 329 ὡς
449 291 554 332 πατὴρ
587 291 664 322 ὐἱοῦ
696 289 988 330 κατεπηγγέλλετο,
1019 291 1079 331 τὴν

40 353 52 372 ⁵
67 342 126 384 μὲν
149 345 321 384 βασιλείαν
344 344 468 376 τέκνων
493 344 641 384 ἐκγόνοις
664 343 821 384 φυλάξων
848 343 902 374 καὶ
926 344 1078 385 παραδώ-

67 405 148 436 σων,
176 397 279 429 αὐτὸν
308 396 343 428 &ts
373 398 581 439 τιμωρήσων,
614 396 656 428 ἂν
684 396 839 437 ἁμαρτὼν
867 397 962 438 τύχῃ,
991 398 1077 440 νόσῳ

66 448 119 480 καὶ
139 455 198 490 γῆς
216 450 353 492 ἀφορίᾳ·
378 451 463 491 <94>
479 451 598 492 μαθὼν
612 454 714 482 ταῦτα
728 451 816 490 παρὰ
832 454 890 481 τοῦ
905 450 1078 491 προφήτου

66 504 229 544 Δαυίδης,
258 503 311 534 καὶ
340 504 518 545 περιχαρὴς
546 504 722 544 γενόμενος
752 502 803 534 ἐπὶ
828 508 872 545 τῷ
895 509 965 540 τοῖς
989 502 1079 543 ἐκγό-

66 567 137 592 νοις
161 556 263 588 αὐτοῦ
282 557 342 597 τὴν
361 557 466 598 ἀρχὴν
486 558 709 598 ὃιαμενοῦσαν
729 555 906 596 ἐγνωκέναι
929 558 1079 597 βεβαίως,

26 618 50 638 ιο
64 607 118 639 καὶ
137 609 196 640 τὸν
216 607 307 640 οἶκον
327 609 429 641 αὐτοῦ
449 610 600 650 λαμπρὸν
620 609 778 650 ἐσόμενον
797 608 851 640 καὶ
871 610 1079 650 περιβόητον,

64 662 146 701 πρὸς
174 662 234 702 τὴν
262 664 403 703 κιβωτὸν
431 665 661 703 παραγίνεται,
695 663 781 702 <95>
806 661 859 693 καὶ
888 663 998 693 πεσὼν
1027 661 1077 693 ἐπὶ

63 716 242 755 πρόσωπον
261 716 381 756 ’ἤρξατο
401 722 602 756 προσκυνεῖν
621 714 674 746 καὶ
699 714 773 755 περὶ
797 715 930 746 πάντων
950 715 1078 756 εὐχαρι-

63 774 153 800 στεῖν
177 773 221 811 τῷ
246 772 329 811 θεῷ,
360 766 406 800 ὧν
430 768 458 800 τ’
485 769 573 812 αὐτῷ
596 767 800 809 παρέσχηκεν
824 768 886 808 ἤδη
911 768 946 799 ἐκ
969 780 1078 799 ταπει-

63 826 124 852 νοῦ
148 820 202 852 καὶ
226 821 383 862 ποιμένος
407 823 453 858 εἰς
478 824 651 861 τηλικοῦτο
680 820 821 861 μέγεθος
844 820 1021 861 ἡγεμονίας
1044 833 1078 852 τε

23 884 48 902 15
63 873 116 905 καὶ
133 874 229 914 δόξης
244 874 431 914 ἀναγαγών,
451 872 498 905 ὧν
517 885 550 905 τε
570 879 639 910 τοῖς
659 872 807 913 ἐκγόνοις
827 873 929 905 αὐτοῦ
949 877 1077 906 καθυπ-

63 926 184 968 έσχετο,
208 926 262 958 καὶ
287 932 344 967 τῆς
367 928 526 967 προνοίας
550 926 590 966 ἣν
611 925 773 967 Ἑβραίων
792 925 846 957 καὶ
870 932 928 967 τῆς
951 928 1078 959 τούτων

62 979 256 1020 ἐλευθερίας
293 979 476 1019 ἐποιήσατο.
536 978 627 1011 ταῦτ’
669 980 771 1010 εἰπὼν
808 979 862 1011 καὶ
899 981 958 1011 τὸν
994 982 1078 1012 θεὸν

61 1033 209 1074 ὑμνήσας
233 1033 479 1064 ἀπαλλάττεται.

127 1087 212 1126 (96)
243 1086 406 1117 διαλιπὼν
435 1085 464 1117 δ’
496 1086 611 1126 ὀλίγον
639 1087 777 1127 χρόνον,
811 1087 894 1126 ε”γνω
924 1087 995 1118 δεῖν
1025 1086 1112 1120 ε’πὶῖ)

23 1148 49 1167 2⁰
62 1140 139 1177 τοὺς
158 1140 405 1176 Παλαιστινοὺς
429 1138 656 1180 ἐκστρατεύειν
675 1138 729 1170 καὶ
749 1138 852 1180 μηδὲν
872 1139 976 1180 ἀργὸν
995 1139 1077 1181 μηὸὲ

62 1191 217 1235 ῥᾴθυμον
237 1192 273 1224 ἐν
292 1198 361 1230 τοῖς
379 1192 547 1233 πράγμασι
566 1197 726 1233 περιορᾶν
745 1194 932 1234 γινόμενον,
952 1192 1009 1233 ἵν’,
1033 1194 1078 1232 ὡς

61 1246 98 1277 τὸ
122 1249 219 1277 θεῖον
247 1245 335 1288 αὐτῷ
364 1251 514 1286 προεῖπε,
542 1246 848 1287 καταστρεψάμενος
877 1248 954 1284 τοὺς
981 1250 1077 1279 πολε-

61 1300 158 1340 μίους
181 1298 217 1330 ἐν
241 1299 355 1339 εἰρήνῃ
378 1299 415 1329 τὸ
440 1299 557 1330 λοιπὸν
580 1300 658 1336 τοὺς
682 1298 839 1339 ἐκγόνους
862 1300 965 1331 αὐτοῦ
984 1302 1077 1341 βασι-

61 1353 219 1389 λεύοντας
243 1353 442 1383 καταλείποι.
488 1352 574 1391 <9Ί>
594 1351 648 1382 καὶ
668 1351 870 1392 συγκαλέσας
893 1352 994 1384 πάλιν
1016 1353 1077 1393 τὴν

23 1413 49 1432 25
63 1405 230 1445 στρατιάν,
253 1404 307 1436 καὶ
331 1406 553 1445 παραγγείλας
573 1404 654 1445 αὐτῇ
678 1405 760 1445 πρὸς
779 1406 924 1446 πόλεμον
943 1404 1077 1447 ἑτοίμην

61 1457 115 1489 καὶ
130 1457 441 1499 παρεσκευασμένην
457 1457 643 1498 τυγχάνειν,
663 1456 710 1488 ὅτ’
729 1458 841 1496 ε”ὸοξεν
861 1458 949 1501 αὐτῷ
970 1462 1078 1497 καλῶς

63 1512 149 1552 ἔχειν
179 1511 218 1542 τὰ
247 1510 323 1551 παρ’
350 1510 464 1551 αὐτῆς,
496 1511 577 1551 ἄρας
606 1510 641 1542 ἐκ
668 1516 735 1542 τῶν
759 1509 996 1552 Ἱεροσολύμων
1024 1511 1073 1544 ε’πῖ

62 1565 139 1601 τοὺς
163 1565 409 1601 Παλαιστίνους
434 1562 498 1604 ἧκε.
545 1564 632 1604 <93>
655 1565 819 1604 κρατήσας
843 1563 873 1595 θ’
900 1564 1010 1596 αὐτῶν
1038 1570 1075 1607 τῇ

64 1617 158 1658 μάχῃ,
181 1617 307 1657 πολλὴν
326 1622 384 1658 τῆς
407 1618 516 1659 χώρας
539 1617 782 1658 ἀποτεμόμενος
802 1616 856 1648 καὶ
876 1620 1077 1659 προσορίσας

25 1677 52 1697 80
65 1674 102 1711 τῇ
134 1675 201 1702 τῶν
229 1669 405 1711 Ἑβραίων,
439 1670 491 1702 ἐπὶ
522 1672 599 1708 τοὺς
627 1672 810 1711 ὲΜωαβίτας
841 1672 900 1703 τὸν
932 1673 1077 1713 πόλεμον

135 1733 150 1762 ἓ
165 1734 197 1757 93
219 1744 250 1753 =
272 1734 286 1757 2
302 1731 370 1764 Reg.
391 1731 441 1756 VH
458 1734 502 1762 12;
525 1735 538 1757 1
555 1731 644 1758 I’aral.
665 1731 742 1756 XYII
760 1735 798 1757 11.
