1261 1917
534 36 679 61 AEKATH
1049 34 1111 66 351

100 116 272 157 ηγιέπησαν
302 115 419 155 αὐτόν,
451 115 505 147 καὶ
535 116 704 157 Βαάλιμον
732 116 791 147 τὸν
818 121 885 147 τῶν
909 114 1116 157 Ἀμμανιτῶν

100 169 236 211 βασιλέα
261 170 374 210 ἔλεγον
398 168 522 210 πέμψαι
543 168 716 210 Ἰσμαῆλον
744 169 989 200 ἀποκτενοῦντα
1013 169 1115 200 αὐτὸν

101 224 187 266 δόλῳ
211 221 265 254 καὶ
288 223 448 263 κρυφίως,
472 223 561 260 ὅπως
583 222 683 260 αὐτὸς
706 223 789 264 ἄρχῃ
808 228 875 253 τῶν
891 221 1114 264 Ἰσραηλιτῶν·

101 273 185 307 εἶναι
210 276 271 316 γὰρ
296 275 398 306 αὐτὸν
423 274 457 306 ἐκ
481 280 540 307 τοῦ
564 275 682 316 γένους
706 280 765 307 τοῦ
787 277 968 316 βασιλικοῦ.
1006 275 1114 315 <lc-5>

73 338 84 357 5
101 329 265 370 ῥύσεσθαί
287 340 322 368 γε
346 329 412 369 μὴν
435 330 550 369 ἔλεγον
574 329 676 360 αὐτὸν
699 333 757 369 τῆς
781 328 968 369 ἐπιβουλῆς,
993 327 1034 359 ἂν
1058 327 1116 358 αὐ-

100 387 168 419 τοῖς
199 381 261 423 ἐφῇ
292 387 417 413 κτεῖναι
445 382 504 413 τὸν
530 380 717 423 Ἰσμαῆλον,
749 382 793 419 ὡς
823 382 961 418 οὐδενὸς
991 389 1116 421 γνωσο-

99 435 214 476 μένου·
240 433 384 466 δεδιέναι
409 436 470 476 γὰρ
495 436 641 475 ἔφασκον
665 435 707 476 μὴ
732 433 913 476 φονευθεὶς
936 433 1036 471 αὐτὸς
1057 432 1112 465 ὑπ’

99 487 228 519 ἐκείνου
247 488 409 527 παντελὴς
426 487 570 519 ἀπώλεια
590 487 723 528 γένηται
742 493 809 519 τῶν
828 485 1116 528 ὑπολελειμμένων

99 545 156 582 τῆς
179 546 246 572 τῶν
261 539 472 581 Ἰσραηλιτῶν
496 541 616 582 ἰσχύος.
663 541 770 581 <166>
795 541 812 572 ὃ
837 539 866 572 δ’
890 540 1040 572 ἀπιστεῖν
1058 539 1116 571 αὐ-

61 604 85 622 10
100 600 168 631 τοῖς
197 594 357 634 ὡμολόγει
385 593 455 625 κατ’
486 593 608 635 ἀνδρὸς
636 591 673 625 εὖ
700 595 908 631 πεπονθότος
936 593 1117 634 ἐπιβουλὴν

100 648 256 687 τοιαύτην
280 646 513 688 ἐμφανίσασιν·
539 647 579 678 οὐ
603 648 665 688 γὰρ
690 647 778 684 εἰκὸς
801 644 897 687 εἶναι,
921 647 1008 686 παρὰ
1028 649 1117 686 τηλι-

99 700 223 740 καύτην
248 699 386 741 ἐρημίαν
410 697 458 731 ὧν
482 701 592 741 ἔχρῃζε
615 701 658 741 μὴ
684 701 922 745 διαμαρτόντα,
948 699 1034 731 οὕτω
1058 710 1116 730 πο-

100 755 203 795 νηρὸν
232 754 278 791 εἰς
306 754 364 784 τὸν
393 753 650 794 εὐεργετήσαντα
683 752 737 785 καὶ
766 753 903 784 ἀνόσιον
937 752 1117 793 εὑρεθῆναι

100 805 197 847 ὥσθ’,
217 807 256 838 ὃν
274 804 316 847 ἧν
336 806 478 848 ἀδίκημα
497 808 533 838 τὸ
553 807 596 847 μὴ
616 805 671 838 ὑπ’
689 807 799 838 ἄλλων
819 805 1118 846 ἐπιβουλευόμενον

61 869 85 887 15
101 866 205 892 σῶσαι
230 860 441 899 σπουδάζειν,
470 860 572 891 αὐτὸν
600 859 776 901 αὐτόχειρα
805 860 911 899 ζητεῖν
939 858 1042 889 αὐτοῦ
1066 869 1118 898 γε-

103 912 230 945 νέσθαι.
276 913 393 953 <167>
423 913 462 944 οὐ
486 913 551 954 μὴν
579 912 651 944 ἀλλ’
679 914 709 944 εἰ
731 911 821 944 ταῦτ’
849 911 958 952 ἀληθῆ
989 912 1041 942 δεῖ
1063 911 1117 942 δο-

100 972 185 1005 κεῖν,
219 967 355 1007 ἰέμεινον
384 967 527 1006 ε”φασκεν
555 965 741 997 ἀποθανεῖν
769 966 871 996 αὐτὸν
902 963 957 996 ὑπ’
989 964 1118 995 ἐκείνου

99 1022 225 1060 μᾶλλον
250 1018 268 1059 ἢ
293 1021 527 1060 καταφυγόντα
550 1021 633 1061 πρὸς
656 1020 758 1051 αὐτὸν
782 1020 964 1059 ἄνθρωπον
988 1016 1041 1049 καὶ
1065 1028 1117 1048 πι-

99 1072 280 1104 στεύσαντα
309 1073 369 1113 τὴν
399 1074 488 1104 ἰδίαν
521 1074 686 1113 σωτηρίαν
716 1071 770 1103 καὶ
801 1069 1118 1113 παρακαταθέμενον

59 1134 84 1153 20
102 1125 190 1168 αὐτῷ
216 1125 421 1166 διαφθεῖραι.

165 1178 284 1219 <168>
312 1178 363 1210 καὶ
395 1179 412 1210 ὁ
441 1177 502 1219 μὲν
523 1177 677 1219 Ἰωάννης
704 1177 757 1210 καὶ
787 1179 821 1210 οἱ
847 1179 910 1209 σὺν
938 1177 1026 1220 αὐτῷ
1050 1182 1117 1208 τῶν

97 1230 270 1272 ἡγεμόνων
298 1231 341 1272 μὴ
371 1231 573 1272 δυνηθέντες
602 1237 710 1263 πεῖσαι
740 1233 799 1263 τὸν
824 1233 855 1263 Γ
853 1231 989 1262 οδολίαν
1016 1230 1117 1270 ἀπῆλ-

97 1287 180 1321 θον,
210 1285 334 1325 χρόνου
363 1283 399 1316 δὲ
428 1285 623 1322 διελθόντος
650 1284 782 1326 ἡμερῶν
810 1284 986 1326 τριάκοντα
1014 1294 1117 1324 παρα-

99 1338 224 1376 γίνεται
248 1338 331 1378 πρὸς
355 1338 520 1369 Γοδολίαν
545 1339 592 1375 εἰς
610 1338 811 1378 Μασφαθὰν
834 1338 932 1368 πόλιν
949 1335 1119 1377 Ἰσμαῆλος

58 1399 82 1418 25
97 1389 165 1431 μετ’
201 1389 334 1431 ἀνδρῶν
366 1390 459 1430 δέκα,
490 1391 549 1428 οὓς
579 1394 710 1433 λαμπρᾷ
742 1390 882 1431 τραπέζῃ
912 1388 965 1420 καὶ
999 1390 1119 1427 ξενίοις

98 1442 341 1484 ὑποδεξάμενος
359 1444 405 1481 εἰς
424 1443 533 1484 μέθην
547 1445 711 1485 προήχθη,
731 1443 1045 1484 φιλοφρονούμενος
1059 1443 1118 1473 τὸν

95 1497 268 1537 Ἰσμαῆλον
292 1495 345 1527 καὶ
370 1498 446 1534 τοὺς
470 1498 533 1529 σὺν
559 1497 656 1540 αὐτῷ.
703 1498 818 1537 <169>
848 1496 1056 1537 θεασάμενος
1086 1494 1115 1525 δ’

97 1548 201 1586 οὕτως
230 1549 331 1580 αὐτὸν
361 1550 478 1590 ἔχοντα
505 1549 558 1581 καὶ
588 1549 850 1592 βεβαπτισμένον
881 1550 927 1586 είς
955 1549 1116 1588 ἀναισθη-

99 1603 175 1633 σίαν
199 1600 252 1632 καὶ
277 1602 385 1633 ὕπνον
410 1603 472 1634 ὑπὸ
496 1608 554 1644 τῆς
577 1602 693 1644 μέθης,
718 1603 735 1634 ὁ
757 1602 926 1644 Ἰσμαῆλος
950 1602 1116 1642 ἀναπηδηὲ

56 1664 82 1682 30
98 1664 157 1692 σας
187 1655 266 1696 μετὰ
294 1661 361 1686 τῶν
389 1654 467 1686 δέκα
496 1658 605 1696 φίλων
633 1655 833 1696 ἀποσφάττει
866 1656 924 1687 τὸν
954 1655 1118 1687 Γοδολίαν

169 1718 181 1747 ξ
203 1719 252 1742 1⁴54
272 1728 304 1736 =
320 1715 414 1741 Ierem.
431 1716 582 1742 XLV1114.
