1261 1917
558 39 678 64 ENATH
1059 38 1124 70 309

112 119 240 157 Φακέας
264 120 281 152 ὁ
306 125 372 151 τῶν
393 118 603 160 Ἰσραηλιτῶν
626 119 734 161 (φίλοι
754 120 815 160 γὰρ
838 117 944 160 ἦσαν),
968 118 1022 150 καὶ
1047 127 1124 150 συν-

109 173 284 210 ελάσαντες
299 173 400 204 αὐτὸν
418 173 465 210 εἰς
480 171 689 213 Ἰεροσόλυμα
710 171 762 204 ἐπὶ
781 174 888 204 πολὺν
908 172 1124 213 ἐπολιόρκουν

109 227 240 266 χρόνον,
260 227 315 257 διὰ
335 226 394 266 τὴν
414 231 480 257 τῶν
499 231 616 266 τειχῶν
633 225 815 266 ὀχυρότητα
835 223 939 266 μηδὲν
958 225 1124 262 ἀνύοντες.

109 279 217 319 <245>
242 279 258 310 ὁ
283 277 319 310 δὲ
344 284 410 310 τῶν
434 279 557 319 Σύρων
581 279 736 319 βασιλεὺς
760 278 870 318 λαβὼν
896 278 957 318 τὴν
980 279 1062 319 πρὸς
1085 282 1123 319 τῇ

83 331 252 374 ῡἘρυθρᾷ
281 332 428 373 θαλάττῃ
451 333 550 363 πόλιν
574 331 702 371 Αίλάθ,
730 330 783 362 καὶ
812 332 890 368 τοὺς
914 330 1125 368 ἐνοικοῦντας

110 385 313 422 ἀποκτείνας,
338 384 554 428 ἐγκατῴκισεν
574 385 655 425 αὐτῇ
676 385 822 425 Σύρους”
848 386 924 421 τοὺς
944 383 973 415 δ’
997 383 1032 415 ἐν
1056 389 1125 421 τοῖς

109 440 285 479 φρουρίοις
304 438 425 479 ὁμοίως
443 437 497 469 καὶ
518 439 594 475 τοὺς
613 437 706 478 πέριξ
723 436 905 475 Ἰουδαίους
924 438 1125 478 διαφθείρας

109 490 162 522 καὶ
194 493 285 522 λειάν
313 492 438 531 πολλὴν
472 491 636 528 ἀπελάσας
668 492 715 528 εἰς
743 492 924 531 Δαμασκὸν
957 492 1036 532 μετὰ
1069 495 1125 531 τῆς

110 549 264 585 στρατιᾶς
288 544 466 582 ἀνέζευξεν.
507 544 614 583 <246>
635 543 652 575 ὁ
672 542 708 574 δὲ
728 549 794 575 τῶν
809 543 1046 584 Ἱεροσολύμων
1068 545 1124 584 βα-

70 612 95 631 ιο
109 598 220 634 σιλεὺς
243 599 344 637 γνοὺς
367 599 445 634 τοὺς
466 597 601 638 Σύρους
625 595 674 628 ἐπ’
696 599 790 628 οῖ’κου
814 598 1047 638 κεχωρηκότας,
1071 595 1125 627 καὶ

112 652 247 691 νομίσας
275 650 449 691 ἀξιόμαχος
478 647 562 681 εἶναι
590 655 634 693 τῷ
661 655 727 681 τῶν
748 649 958 691 Ἰσραηλιτῶν
987 652 1125 691 βασιλεῖ,

109 703 169 743 τὴν
189 704 332 745 δύναμιν
351 702 400 735 ἐπ’
423 703 525 734 αὐτὸν
545 702 690 743 ἐξήγαγε,
714 702 768 734 καὶ
789 704 967 744 συμβαλὼν
987 702 1125 743 ἐνικήθη

109 757 190 788 κατὰ
214 761 315 798 μῆνιν
338 761 397 788 τοῦ
420 759 520 793 θεοῦ,
551 756 590 796 ἣν
619 755 669 787 ἐπὶ
695 763 763 794 τοῖς
792 757 995 797 ἀσεβήμασιν
1023 756 1125 788 αὐτοῦ

110 812 245 847 πολλοῖς
278 810 343 850 ἅμα
374 808 427 840 καὶ
456 809 609 850 μεγάλοις
638 807 711 850 εἶχε.
759 810 876 849 <24Ῐ>
906 810 1034 840 δώδεκα
1063 809 1125 849 γὰρ

70 876 93 896 15
110 862 212 893 αὐτοῦ
250 862 408 903 μυριάδες
442 860 511 892 κατ’
549 861 679 901 ἐκείνην
712 861 771 901 τὴν
806 860 930 902 ἡμέραν
964 862 1026 893 ὑπὸ
1059 867 1126 893 τῶν

107 916 318 955 Ἰσραηλιτῶν
340 914 563 956 ἀνῃρέθησαν,
587 911 634 945 ὧν
658 914 675 946 ὁ
700 916 880 955 στρατηγὸς
902 915 1044 956 Ζάχαρις
1068 916 1127 946 τὸν

110 968 186 999 υΐὸν
210 967 400 999 ἀπέκτεινεν
425 967 461 999 ἐν
484 972 522 1009 τῇ
548 969 695 1008 συμβολῇ
720 972 779 999 τοῦ
803 966 963 1008 βασιλέως
981 966 1126 1008 Ἀχάζου,

106 1020 263 1062 Ἀμασίαν
279 1022 393 1061 ὄνομα,
410 1020 463 1052 καὶ
479 1022 538 1052 τὸν
553 1020 730 1061 ἐπίτροπον
746 1025 802 1061 τῆς
817 1022 985 1061 βασιλείας
999 1020 1126 1060 ἁπάσης

107 1073 252 1115 Ἐρικάν,
281 1073 334 1105 καὶ
364 1075 422 1105 τὸν
450 1078 507 1114 τῆς
533 1073 640 1105 Ἰούδα
669 1076 777 1114 φυλῆς
805 1075 988 1115 στρατηγὸν
1009 1072 1126 1105 Ἐλκάν

69 1127 317 1168 εοαίχμάλωτον
350 1128 455 1167 ἔλαβε.
510 1126 563 1158 καὶ
598 1127 633 1158 ἐκ
666 1131 723 1167 τῆς
756 1127 986 1168 Βενιαμίτιδος
1019 1129 1127 1168 φυλῆς

110 1186 268 1220 γυναῖκας
287 1179 341 1212 καὶ
360 1180 481 1217 παῖδας
501 1180 682 1220 ἀπήγαγον,
702 1179 755 1211 καὶ
775 1180 902 1221 πολλὴν
922 1182 1014 1211 λείαν
1034 1180 1125 1221 διαρ-

108 1233 270 1270 πάσαντες
294 1234 484 1274 ἀνεχώρουν
510 1235 557 1271 εἰς
582 1234 784 1275 Σαμάρειαν.

176 1287 282 1326 <248>
303 1285 442 1326 Ὠδηδὰς
467 1286 505 1317 δέ
527 1299 591 1325 τις,
615 1287 651 1324 ὃς
674 1285 744 1317 κατ’
773 1286 879 1317 ἐκεῖνο
903 1291 1021 1327 καιροῦ
1045 1297 1124 1327 προ-

109 1340 215 1379 φήτης
240 1339 383 1380 ὑπῆρχεν
408 1339 444 1371 ἐν
463 1341 646 1381 Σαμαρείᾳ,
670 1344 714 1382 τῷ
739 1344 866 1382 στρατῷ
889 1341 953 1380 πρὸ
973 1345 1039 1370 τῶν
1062 1350 1126 1370 τει-

68 1402 93 1421 25
109 1397 177 1433 χῶν
205 1392 394 1432 ἀπαντήσεις
417 1392 540 1433 μεγάλῃ
569 1394 629 1433 βοῇ
659 1393 719 1432 τὴν
747 1395 844 1433 ’νίκην
869 1392 982 1429 αὐτοῖς
1006 1391 1046 1423 οὐ
1070 1392 1125 1423 δια

109 1446 169 1486 τὴν
192 1446 318 1477 οἰκείαν
342 1446 452 1477 αὐτῶν
477 1447 573 1486 ἰσχὺν
598 1444 717 1485 ἐδήλου
743 1444 910 1485 γενέσθαι,
934 1445 989 1476 διὰ
1012 1443 1047 1476 δὲ
1068 1446 1126 1476 τὸν

108 1503 167 1530 τοῦ
201 1501 284 1530 θεοῦ
317 1500 432 1539 χόλον,
467 1498 506 1530 ὃν
535 1495 621 1539 εἶχεν
651 1497 699 1529 ἐπ’
729 1497 862 1539 Ἀχάζην
894 1499 952 1529 τὸν
980 1497 1125 1538 βασιλέα.

108 1552 217 1591 <249>
237 1550 291 1582 καὶ
311 1551 533 1593 κατεμέμφετο
554 1555 591 1592 τῇ
611 1549 672 1592 μὲν
692 1551 853 1593 εὐπραγίᾳ
873 1556 910 1592 τῆ
930 1550 1000 1582 κατ’
1023 1551 1125 1582 αὐτοῦ

108 1604 152 1644 μὴ
176 1603 408 1645 ἀρκεσθέντας,
433 1605 515 1636 ἀλλὰ
539 1605 766 1645 τολμήσαντας
790 1606 867 1642 τοὺς
887 1603 921 1635 ἐκ
944 1609 1002 1644 τῆς
1018 1603 1125 1635 Ἰούδα

67 1665 94 1685 30
109 1660 218 1698 φυλῆς
240 1657 294 1689 καὶ
319 1663 376 1698 τῆς
395 1658 627 1699 Βενιαμίτιδος
651 1663 823 1698 συγγενεῖς
847 1659 944 1695 ὄντας
963 1658 1126 1698 αἰχμαλω-

181 1721 194 1749 ἓ
211 1721 262 1744 245
278 1731 311 1739 =
327 1721 342 1744 4
358 1718 425 1751 Reg.
442 1718 505 1744 XVI
521 1722 544 1746 6.
619 1722 634 1750 ἓ
650 1721 700 1745 246
721 1731 754 1740 =
776 1721 790 1744 2
806 1718 898 1744 Pax-al.
914 1717 1031 1743 XXVIII
1047 1720 1070 1743 6.
