1261 1917
546 47 691 71 Ax-:KATH
1060 45 1125 77 339

110 126 305 167 ὑπερόπτης.
351 125 404 157 καὶ
425 127 486 167 γὰρ
511 127 545 158 οἱ
562 126 642 158 κατὰ
662 126 722 166 τὴν
741 125 873 166 ἡλικίαν
895 124 979 167 ἦσαν
998 126 1126 168 ἀσεβεῖς

110 178 184 220 περὶ
213 179 330 219 αὐτόν,
358 178 412 210 καὶ
441 179 458 211 ὁ
482 184 544 217 πᾶς
573 180 668 220 ὄχλος
696 177 745 210 ἐπ’
773 177 922 216 ἐξουσίας
948 179 1082 221 ὕβριζεν
1106 179 1125 211 ἃ

112 232 224 272 ἤθελε·
249 233 358 272 (104)
380 233 432 264 διὸ
452 231 506 264 καὶ
526 232 543 264 ὁ
563 233 734 273 προφήτης
749 231 904 273 Ἱερεμίας
923 233 1005 274 πρὸς
1024 233 1126 265 αὐτὸν

112 285 222 316 ἐλθὼν
249 285 406 322 πολλάκις
434 284 652 326 ἐμαρτύρατο,
680 285 824 316 κελεύων
852 286 909 322 τὰς
936 283 997 326 μὲν
1025 287 1126 323 ἄλλας

84 346 96 364 5
111 338 261 379 ἀσεβείας
283 337 337 369 καὶ
361 339 568 379 παρανομίας
591 341 797 376 καταλιπεῖν,
825 344 982 379 προνοεῖν
1007 337 1043 370 δὲ
1067 343 1126 369 τοῦ

111 392 257 429 δικαιόυ,
286 390 339 422 καὶ
363 392 443 433 μήτε
466 397 535 428 τοῖς
558 391 716 432 ἡγεμόσιν
742 389 840 433 (εἶναι
865 392 927 432 γὰρ
955 390 990 423 έν
1014 391 1127 429 αὐτοῖς

110 444 290 485 πονηρούς)
310 444 537 486 προσανέχειν..
557 445 635 485 μήτε
651 450 720 482 τοῖς
736 445 1027 486 ψευδοπροφήταις
1045 444 1127 476 ἀπα-

111 503 212 528 τῶσιν
240 497 342 529 αὐτὸν
370 497 619 529 πεπιστευκέναι
648 497 692 535 ὡς
721 496 829 528 οὐκέτι
862 499 1039 539 πολεμήσει
1068 499 1128 538 τὴν

111 551 209 582 πόλιν
233 550 250 582 ὁ
276 551 491 591 Βαβυλώνιος
519 549 572 582 καὶ
597 550 641 588 ὡς
665 551 843 590 Αἰγύπτιοι
871 552 1129 592 στρατεύσουσιν

72 613 96 632 10
113 602 161 635 ἐπ’
189 603 292 634 αὐτὸν
315 602 368 634 καὶ
390 604 575 643 νικήσουσι·
601 603 709 643 <105>
732 607 834 634 ταῦτα
856 604 918 645 γὰρ
939 604 998 635 οὐκ
1018 604 1127 645 ἀληθῆ

112 655 221 696 λέγειν
245 655 317 687 οὐδ’
340 655 444 693 οὕτως
467 656 645 696 ὀφείλοντα
665 654 831 696 γενέσθαι.
874 656 891 687 ὁ
912 655 948 688 δὲ
968 658 1129 694 Σεδεκίας

113 708 165 750 ἐφ’
197 710 277 741 ὅσον
309 707 370 750 μὲν
402 709 501 749 ἤκουε
534 713 593 741 τοῦ
625 710 800 750 προφήτου
834 713 935 741 ταῦτα
965 709 1131 750 λέγοντος,

112 762 263 794 ἐπείθετο
293 762 381 805 αὐτῷ
404 761 458 793 καὶ
483 761 619 804 συνῄνει
647 767 750 793 πᾶσιν
779 762 823 799 ὡς
850 762 1054 802 ἀληθεύουσι
1078 762 1132 794 καὶ

113 815 284 856 συμφέρον
314 815 401 857 αὐτῷ
429 814 693 846 πεπιστευκέναι·
728 814 929 856 διέφθειραν
962 813 998 846 δὲ
1031 815 1132 847 πάλιν

73 878 97 897 15
113 868 215 900 αὐτὸν
244 869 278 900 οῖ
306 870 414 909 φίλοι,
445 867 498 899 καὶ
531 869 648 909 διῆγον
676 868 739 899 ἀπὸ
771 873 838 899 τῶν
868 873 927 899 τοῦ
957 869 1131 909 προφήτου

111 923 194 962 πρὸς
218 922 300 962 ἅπερ
326 921 458 961 ἤθελον.
505 922 623 962 <106>
647 922 880 962 προυφήτευσε
909 919 945 952 δὲ
968 921 1022 952 καὶ
1044 920 1131 959 Ἰεζε-

111 976 223 1014 κίηλος
247 973 283 1005 ἐν
303 976 480 1015 Βαβυλῶνι
504 975 562 1011 τὰς
585 975 768 1015 μελλούσας
792 979 836 1016 τῷ
859 977 926 1016 λαῷ
946 975 1131 1015 συμφοράς,

111 1026 165 1059 καὶ
194 1027 322 1068 γράψας
349 1026 440 1059 ταῦτ’
473 1028 616 1068 ἔπεμψεν
650 1029 696 1064 εἰς
721 1026 941 1068 Ἱεροσόλυμα.
989 1032 1060 1064 ταῖς
1093 1026 1130 1058 δὲ

111 1082 327 1122 προφητείαις
346 1081 456 1112 αὐτῶν
476 1081 636 1118 Σεδεκίας
655 1080 834 1121 ἠπίστησεν
854 1080 888 1112 ἐκ
908 1081 1061 1121 τοιαύτης
1081 1082 1129 1112 αι’-

71 1144 97 1162 20
113 1136 192 1171 τίας.
235 1135 272 1165 τὰ
297 1132 357 1175 μὲν
381 1135 463 1166 ἄλλα
487 1134 594 1165 πάντα
614 1138 878 1175 συμφωνοῦντας
901 1135 978 1170 τοὺς
1001 1134 1130 1174 προφή-

112 1199 169 1224 τας
198 1187 352 1226 ἁλλήλοις
380 1187 485 1218 εἰπεῖν
510 1186 648 1228 συνέβη,
677 1187 721 1224 ὥς
745 1198 778 1218 τε
802 1186 821 1226 ἡ
846 1188 941 1224 πόλις
970 1185 1129 1217 ἁλώσεται

112 1239 164 1271 καὶ
195 1240 354 1276 Σεδεκίας
382 1239 480 1277 αὐτὸς
508 1240 711 1281 αἰχμάλωτος
742 1241 847 1279 ἔσται,
882 1240 1066 1280 διεφώνησε
1096 1237 1126 1270 δ’

110 1291 295 1333 Ἰεζεκίηλος
315 1293 416 1324 εἰπὼν
435 1292 494 1323 οὐκ
515 1293 657 1329 ὄψεσθαι
677 1294 863 1333 Βαβυλῶνα
882 1294 941 1324 τὸν
956 1292 1129 1332 Σεδεκίαν,

113 1350 171 1377 τοῦ
191 1344 349 1386 Ἰερεμίου
373 1345 559 1386 φάσκοντος
588 1346 675 1388 αὐτῷ
705 1346 754 1377 ὅτι
780 1345 957 1386 δεδεμένον
986 1345 1087 1376 αὐτὸν
1112 1345 1129 1376 ὁ

72 1409 97 1428 25
114 1399 331 1440 Βαβυλώνιος
354 1398 421 1436 ἄξει
444 1399 606 1439 βασιλεύς.
652 1399 760 1439 <ΙΟῙ>
784 1397 837 1430 καὶ
859 1399 913 1429 διὰ
932 1399 969 1429 τὸ
990 1398 1032 1439 μὴ
1053 1398 1129 1429 ταύ-

111 1453 170 1484 τὸν
194 1453 315 1489 αὐτοὺς
339 1451 512 1493 ἑκατέρους
537 1451 660 1492 λέγειν,
686 1451 739 1483 καὶ
764 1450 839 1492 περὶ
865 1449 912 1483 ὧν
936 1457 1129 1492 συμφωνεῖν

113 1505 267 1543 ἐδόκουν,
305 1506 349 1543 ὡς
387 1504 458 1537 οὐδ’
496 1504 593 1536 ἐκεῖν’
629 1505 737 1546 ἀληθῆ
774 1504 907 1545 λέγουσι
945 1505 1129 1544 καταγνοὺς

112 1559 278 1599 ἠπίστησε.
332 1560 437 1590 καίτοι
471 1557 566 1590 πάντ’
603 1559 690 1601 αὐτῷ
723 1559 803 1590 κατὰ
837 1559 894 1595 τὰς
926 1559 1128 1599 προφητείας

113 1611 310 1652 ἀπήντησεν,
334 1613 415 1652 ῐὶπερ
440 1612 671 1652 εὐκαιρότερον
695 1612 895 1652 δηλώσομεν.

185 1684 198 1711 ἓ
216 1684 265 1708 103
287 1695 320 1703 =
340 1685 354 1707 2
370 1681 461 1708 Paral.
478 1681 593 1707 XXXVI
610 1684 654 1713 113
674 1681 770 1707 Ierem.
786 1681 863 1706 XXII
882 1685 902 1707 1.
992 1683 1006 1712 ξ
1024 1683 1073 1706 106
1094 1693 1126 1702 =

113 1725 211 1751 Ezech.
229 1725 278 1750 XII
296 1728 340 1757 133
360 1725 456 1752 Ierem.
471 1725 532 1751 XLI
547 1729 571 1751 3.

914 1769 965 1795 ρετ
