1261 1917
526 34 647 58 ENA'rll
1029 31 1094 63 265

80 114 217 155 ἐσέβετο.
256 112 296 154 ἦν
312 112 348 145 δὲ
364 111 464 145 τᾶλλα
480 114 687 154 δραστήριος.
723 114 809 153 <28>
824 112 893 144 κατ’
912 112 1039 144 ἐκεῖνον
1059 111 1094 144 δὲ

80 169 138 199 τὸν
161 168 277 208 καιρὸν
298 166 412 204 Ἠλίας
436 166 468 205 ἐξ
492 166 682 207 ἀνθρώπων
707 166 888 207 ἠφανίσθη,
912 165 964 197 καὶ
986 164 1096 203 οὐδεὶς

80 222 164 260 ἔγνω
187 219 280 261 μέχρι
300 225 357 260 τῆς
377 221 520 261 σήμερον
540 219 642 250 αὐτοῦ
662 219 722 259 τὴν
741 220 904 259 τελευτήν.
943 219 1096 260 μαθητὴν

81 272 110 304 δ’
131 272 316 304 Ἐλισσαῖον
340 272 522 312 κατέλιπεν,
547 273 590 309 ὡς
614 271 668 303 καὶ
692 274 854 313 πρότερον
876 271 1096 312 ἐδηλώσαμεν.

52 339 64 358 ⁵
79 325 154 367 περὶ
179 325 291 367 μέντοι
316 325 346 366 γ’
371 325 465 357 Ἠλία
494 324 547 357 καὶ
569 324 713 366 Ἐνώχου
741 330 799 357 τοῦ
828 324 1009 366 γενομένου
1032 326 1095 365 πρὸ

80 383 136 419 τῆς
161 378 341 420 ἐπομβρίας
365 378 401 410 ἐν
420 385 491 416 ταῖς
511 379 615 419 ἱεραῖς
634 377 878 419 ἀναγέγραπται
899 380 1027 419 βίβλοις
1046 378 1096 409 ὅτι

80 433 258 472 γεγόνασιν
283 432 432 473 ἀφανεῖς,
456 432 605 463 θάνατον
629 430 659 462 δ’
682 431 792 463 αὐτῶν
816 430 926 469 οὐδεὶς
950 428 1050 462 οἶδεν.

147 486 233 525 <29>
253 486 454 526 παραλαβὼν
474 483 509 516 δὲ
530 485 590 525 τὴν
609 486 780 525 βασιλείαν
793 484 947 525 Ἰώραμος
967 483 1018 515 ἐπὶ
1039 484 1096 515 τὸν
1116 483 1136 514 3

80 540 272 579 ,Μωαβιτῶν
305 539 389 578 ἔγνω
423 538 613 578 στρατεύειν
647 537 797 578 βασιλέα,
832 539 947 568 ΑΜισᾶν
980 538 1096 577 ὄνομα·

41 603 66 622 ιο
80 595 139 622 τοῦ
168 592 229 632 γὰρ
259 591 406 632 ἀδελφοῦ
440 591 557 629 αὐτοῦ,
590 591 703 628 καθὼς
735 592 950 631 προείπομεν,
984 591 1098 630 ἔτυχεν

80 643 232 684 ἀποστάς,
257 646 384 685 φόρους
408 647 511 675 τελῶν
528 643 652 687 Ἀχάβῳ
677 649 721 686 τῷ
741 643 839 684 πατρὶ
859 643 961 675 αὐτοῦ
982 642 1099 684 μυριά-

81 698 140 734 δας
171 700 273 728 εἴκοσι
308 697 485 738 προβάτων
521 698 582 728 σὺν
618 702 687 734 τοῖς
717 698 840 734 πόκοις.
891 697 986 737 <30>
1021 705 1099 727 συν-

81 752 244 790 αθροίσας
274 747 334 781 οὖν
364 750 423 790 τὴν
454 750 579 781 οἰκείαν
608 750 752 790 δύναμιν
780 750 903 790 ἔπεμψε
935 748 989 780 καὶ
1017 750 1100 790 πρὸς

77 801 294 843 Ἰωσάφατον,
321 805 521 844 παρακαλῶν
549 803 665 841 αὐτόν,
694 801 762 833 ἐπεὶ
791 804 889 842 φίλος
912 801 967 833 ἀπ’
997 802 1098 842 ἀρχῆς

41 866 66 885 15
80 856 227 897 ὑπῆρχεν
246 856 349 887 αὐτοῦ
369 861 412 898 τῷ
431 857 541 896 πατρί,
561 860 769 896 συμμαχῆσαι
789 856 934 895 πόλεμον
950 853 1001 885 ἐπὶ
1022 856 1100 892 τοὺς

81 911 264 950 ΝΙωαβίτας
292 908 444 950 ἐκφέρειν
475 908 643 949 μέλλοντι,
674 908 879 945 ἀποστάντας
909 907 1012 939 αὐτοῦ
1042 912 1100 948 τῆς

81 963 258 1002 βασιλείας.
305 961 322 992 ὃ
347 960 377 992 δ’
405 961 444 992 οὐ
469 962 573 1002 μόνον
597 961 695 998 αὐτὸς
719 961 902 1002 βοηθήσειν
930 960 1100 1002 ὑπέσχετο,

81 1014 164 1046 ἀλλὰ
188 1013 242 1046 καὶ
267 1015 325 1046 τὸν
343 1013 537 1055 Ἰδουμαίων
561 1013 697 1055 βασιλέα
722 1014 996 1053 συναναγκάσειν,
1020 1015 1099 1045 ὄντα

82 1067 140 1107 ὑφ’
159 1067 288 1105 ἑαυτόν,
304 1068 621 1108 συστρατεύσασθαι.
658 1067 743 1107 <31>
757 1065 911 1108 Ἰώραμος
927 1066 973 1107 δέ,
993 1067 1101 1098 τοιού-

44 1131 69 1150 20
85 1132 150 1152 των
170 1120 305 1162 (ὄντων)
329 1120 417 1163 αὐτῷ
442 1126 508 1151 τῶν
527 1119 603 1161 παρ’
624 1119 826 1160 Ἰωσαφάτου
849 1119 924 1161 περὶ
943 1124 1001 1161 τῆς
1020 1128 1101 1161 συμ-

85 1175 202 1214 μαχίας
229 1173 473 1215 κομισθέντων,
507 1173 684 1214 ἀναλαβὼν
716 1173 776 1213 τὴν
809 1173 911 1204 αὑτοῦ
944 1173 1101 1214 στρατιὰν

87 1224 163 1267 ἧκεν
188 1228 234 1264 εἰς
253 1226 478 1267 Ἱεροσόλυμα,
506 1225 560 1257 καὶ
585 1225 749 1263 ξενισθεὶς
775 1229 930 1267 λαμπρῶς
953 1226 1017 1258 ὑπὸ
1042 1230 1101 1257 τοῦ

85 1278 246 1320 βασιλέως
272 1285 339 1310 τῶν
363 1278 649 1320 Ἱεροσολυμιτῶν,
683 1279 783 1317 δόξαν
811 1279 923 1316 αὐτοῖς
956 1280 1011 1310 διὰ
1044 1283 1102 1319 τῆς

86 1332 209 1373 ἐρήμου
233 1337 290 1372 τῆς
309 1331 494 1373 Ἰδουμαίας
517 1333 721 1372 ποιήσασθαι
745 1332 805 1372 τὴν
830 1332 1025 1373 ὁδοιπορίαν
1050 1331 1102 1363 ἐπὶ

44 1395 70 1414 25
84 1387 162 1423 τοὺς
189 1387 367 1426 πολεμίους
396 1384 451 1425 (οὐ
484 1386 546 1426 γὰρ
574 1385 815 1426 προσδοκήσειν
848 1385 969 1422 αὐτοὺς
1000 1385 1102 1426 ταύτῃ

84 1440 282 1478 ποιήσεσθαι
306 1439 366 1478 τὴν
391 1437 529 1479 ἔφοδον)
555 1438 711 1479 ὥρμησαν
735 1439 770 1469 οἱ
792 1443 879 1479 τρεῖς
902 1440 1049 1478 βασιλεῖς
1068 1437 1103 1469 ἐκ

85 1497 150 1523 τῶν
171 1490 423 1532 Ἱεροσολύμων,
451 1491 468 1522 ὅ
492 1503 526 1522 τε
550 1491 677 1522 τούτων
701 1491 811 1522 αὐτῶν
834 1490 888 1522 καὶ
913 1491 930 1522 ὁ
954 1495 1011 1531 τῆς
1035 1493 1103 1521 Σα-

85 1546 221 1585 μαρείας
244 1544 299 1576 καὶ
325 1545 341 1576 ὁ
366 1549 423 1585 τῆς
444 1543 638 1585 Ἰδουμαίας.
686 1545 771 1584 <32>
797 1543 852 1575 καὶ
876 1544 1103 1581 κυκλώσαντες

85 1596 164 1629 ἑπτὰ
190 1597 320 1639 ἡμερῶν
345 1598 426 1629 ὁδὸν
450 1599 496 1635 εἰς
516 1597 658 1638 ἀπορίαν
678 1597 798 1634 ὕδατος
821 1602 891 1634 τοῖς
914 1608 948 1628 τε
971 1598 1102 1637 κτήνεσι

45 1658 72 1678 80
85 1649 139 1682 καὶ
163 1655 201 1692 τῇ
227 1656 361 1693 στρατιᾷ
389 1650 622 1691 περιέστησαν,
649 1649 890 1690 πλανηθέντων
918 1651 975 1688 τὰς
1003 1650 1103 1687 ὁδοὺς

159 1714 221 1743 52>ss
242 1724 274 1733 =
295 1715 310 1737 4
325 1711 393 1745 Reg.
410 1712 433 1737 H
451 1715 492 1738 11.
566 1714 580 1743 ξ
595 1715 629 1738 29
650 1725 682 1734 =
703 1715 718 1737 4
734 1711 801 1743 Κεὶς
817 1711 854 1737 111
870 1714 893 1737 4.
