1261 1917
512 75 609 98 EKTH
1030 72 1072 104 33

59 153 94 186 δὲ
119 155 201 195 πρὸς
224 152 320 185 τοῦθ’
347 154 524 194 ὑπολαβών
549 153 671 185 “πόθεν
699 151 761 184 οὖν
792 153 901 185 ἀκούω
924 153 1072 195 θρεμμά-

58 206 140 238 των’
165 204 234 238 εἷπε
261 205 325 237 εκαὶ
352 207 538 246 ὑποζυγίων
562 208 642 246 βοῆς
667 205 702 237 ἐν
725 210 770 249 τῷ
795 206 1030 250 στρατοπέὸῳ;’
1055 206 1072 238 ὃ

59 259 94 292 δὲ
119 261 177 291 τὸν
201 260 282 291 λαὸν
306 263 408 290 ταῦτα
428 260 475 296 εἰς
494 261 616 296 θυσίας
635 259 832 300 ἀπεκρίνατο
852 259 1073 300 τετηρηκέναι,

59 314 95 344 τὸ
116 312 228 354 μέντοι
249 324 284 352 γε
304 317 370 343 τῶν
392 311 614 353 Ἀμαληκιτῶν
633 312 728 352 γένος
747 313 834 344 ἅπαν
854 312 1073 353 ἐξηφανίσθαι

32 367 139 398 ἕνκατὰ
168 366 228 406 τὴν
258 365 410 405 ἐντολήν,
442 364 495 396 καὶ
529 367 778 406 περιλείπεσθαι
809 366 911 397 ἄλλον
939 365 1075 407 μηδένα,

59 420 142 460 πρὸς
173 418 202 450 δ’
229 419 331 450 αὑτὸν
364 418 500 459 ἀγαγεῖν
532 419 718 459 τηρήσαντα
751 420 854 460 μόνον
887 419 989 450 αὐτὸν
1017 420 1076 450 τὸν

60 472 207 513 βασιλέα,
226 471 300 512 περὶ
321 469 361 503 οὗ
381 474 414 503 τί
432 473 484 503 δεῖ
501 478 610 503 ποιεῖν
624 472 866 513 βουλεύσεσθαι
881 473 964 513 πρὸς
979 472 1075 512 ἀλλή-

61 528 139 562 λους
173 527 323 566 ἔφασκεν.
380 526 488 565 <14Ῑ>
515 525 532 556 ὁ
567 523 601 556 δὲ
635 526 806 566 προφήτης
839 524 910 566 οὐχὶ
941 527 1077 563 θυσίαις

62 580 173 618 ἔλεγεν
197 579 338 619 ἥδεσθαι
367 579 402 610 τὸ
428 581 538 618 θεῖον,
567 578 650 610 ἀλλὰ
678 584 748 616 τοῖς
776 578 918 618 ἀγαθοῖς
945 578 999 610 καὶ
1029 580 1077 610 ὀι-

22 641 47 660 10
61 633 179 669 καιόις·
205 629 296 663 οὗτοι
321 630 350 662 δ’
374 630 458 662 εἰσὶν
478 631 512 662 οἶ
529 635 566 672 τῇ
587 632 742 672 βουλήσει
766 631 819 662 καὶ
840 637 911 668 ταῖς
930 631 1079 668 ἐντολαῖς

61 684 164 716 αὐτοῦ
183 687 510 721 κατακολουθοῦντες
529 683 580 715 καὶ
603 683 706 725 μηδὲν
724 685 804 716 ἄλλο
823 685 1078 725 πραχθήσεσθαι

61 740 169 775 καλῶς
192 736 250 778 ὑφ’
278 737 404 769 ἑαυτῶν
428 739 617 778 νομίζοντες
640 737 659 778 ἦ
685 738 701 769 ὅ
726 750 755 768 τι
779 737 820 769 ἂν
838 738 1001 778 ποιήσωσι
1020 742 1079 769 τοῦ

61 794 145 822 θεοῦ
161 792 398 828 κεκελευκότος.
444 793 728 831 καταφρονεῖσθαι
745 791 805 831 γὰρ
822 791 881 831 οὐχ
897 791 977 822 ὅταν
992 790 1079 833 αὐτῷ

62 844 105 884 μὴ
135 844 203 885 θύῃ
227 856 290 881 τις,
321 842 393 875 ἀλλ’
425 844 505 875 ὅταν
534 843 687 874 ἀπειθεῖν
716 844 804 886 αὐτῷ
834 844 924 885 δοκῇ.
971 844 1079 884 (148)

23 897 170 937 15‘2z049c}
203 895 239 928 δὲ
272 902 339 928 τῶν
377 896 435 937 οὐχ
469 896 742 937 ὑποταττομένων
775 895 847 928 οὐδ’
884 896 992 937 ἀληθῆ
1026 896 1077 928 καὶ

62 950 169 990 μόνην
192 954 236 992 τῷ
260 952 329 992 θεῷ
353 949 591 990 κεχαρισμένην
611 951 868 990 θρησκευόντων
887 952 1080 991 θρησκείαν,

63 1001 133 1034 οὔτ’
158 1002 199 1034 ἂν
219 1003 324 1034 πολλὰ
343 1001 394 1034 καὶ
421 1005 540 1044 πιμελῆ
561 1003 796 1034 καταθύσωσιν
816 1003 928 1044 ιἐρεῖα,
948 1002 1018 1035 οὔτ’
1040 1003 1082 1035 ἂν

63 1057 188 1096 κόσμον
217 1055 442 1096 ἀναθημάτων
472 1055 504 1094 ἐξ
532 1055 681 1096 ἀργύρου
712 1055 766 1087 καὶ
795 1061 920 1097 χρυσοῦ
948 1068 1082 1097 πεποιη-

65 1108 174 1150 μένων
198 1109 426 1150 προσφέρωσι,
451 1108 579 1150 ὂέχεται
604 1107 694 1140 ταῦτ’
722 1109 880 1150 εὐμενῶς,
905 1109 977 1141 ἀλλ’
1004 1110 1083 1141 ἀπο-

24 1170 50 1190 20
65 1161 239 1203 στρέφεται
263 1161 316 1193 καὶ
346 1163 503 1203 δείγματα
532 1167 589 1203 τῆς
617 1167 793 1203 πονηρίας,
823 1163 883 1194 οὐκ
912 1163 1083 1204 εὐσέβειαν

64 1215 200 1255 ἡγεῖται.
247 1216 354 1255 <149>
379 1221 448 1252 τοῖς
479 1214 509 1247 ὁ’
536 1216 574 1246 ἓν
596 1215 650 1247 καὶ
675 1217 779 1256 μόνον
802 1215 899 1247 τοῦθ’
927 1217 944 1248 ὅ
968 1229 998 1247 τι
1022 1228 1083 1257 περ

65 1267 107 1299 ἂν
131 1267 315 1308 φθέγξηται
343 1268 396 1300 καὶ
426 1269 564 1310 κελεύσῃ
595 1269 611 1300 ὁ
636 1270 716 1306 θεὸς
740 1270 795 1300 διὰ
819 1270 947 1310 μνήμης
972 1271 1083 1310 ἔχουσι

65 1320 117 1352 καὶ
148 1321 307 1352 τεθνάναι
337 1324 463 1362 μᾶλλον
492 1321 510 1362 ἢ
539 1324 731 1363 παραβῆναί
757 1334 787 1353 τι
816 1323 944 1354 τούτων
972 1324 1084 1363 αἴρου-

66 1373 178 1415 μένοις
202 1373 363 1415 τέρπεται,
388 1373 441 1405 καὶ
462 1373 539 1406 οὐδὲ
560 1377 685 1406 θυσίαν
706 1374 848 1415 ἐπιζητεῖ
864 1374 941 1417 παρ’
964 1376 1084 1416 αὐτῶν,

26 1435 51 1454 85
67 1426 118 1458 καὶ
145 1428 233 1468 παρὰ
256 1429 413 1459 θυόντων
437 1427 488 1467 δέ,
516 1428 578 1459 κᾶν
611 1425 628 1469 ἧ
653 1428 741 1467 λιτά,
770 1433 827 1468 τῆς
850 1430 966 1466 πενίας
988 1429 1085 1469 ἥδιον

67 1481 128 1520 τὴν
147 1481 245 1522 τιμὴν
264 1480 283 1521 ’ἢ
303 1481 391 1522 παρὰ
410 1487 477 1512 τῶν
495 1481 752 1512 πλουσιωτάτων
772 1481 945 1520 δεξιοῦται.
977 1483 1086 1522 <150>

69 1535 110 1564 σὺ
134 1536 250 1565 τοίνυν
277 1537 349 1566 ἴσθι
374 1535 497 1566 σαυτὸν
521 1533 564 1566 δι’
592 1535 693 1575 ὀργῆς
719 1536 799 1566 ὄντα
827 1539 871 1577 τῷ
900 1538 983 1578 θεῷ·
1012 1547 1087 1567 κατ-

69 1588 256 1628 εφρόνησας
270 1588 332 1629 γὰρ
352 1586 405 1618 καὶ
425 1587 650 1628 κατημέλησας
665 1585 712 1619 ὧν
728 1587 900 1620 ἐπέστειλε.
937 1594 1006 1626 πῶς
1025 1586 1087 1620 οὗν

70 1643 132 1671 οἱέι
165 1640 225 1680 τὴν
258 1642 384 1672 θυσίαν
418 1640 459 1671 ἂν
493 1641 595 1672 αὐτὸν
627 1640 848 1682 προσβλέπειν
877 1641 908 1679 ἐξ
938 1638 986 1673 ὧν
1013 1654 1088 1673 κατ-

31 1699 56 1718 ³⁰
71 1691 200 1734 ε’κρινεν
237 1693 421 1725 ἀπολέσθαι
459 1693 654 1735 γινομένηνς
687 1694 774 1734 πλὴν
807 1695 837 1726 εί
866 1695 908 1735 μὴ
946 1696 1089 1736 νομίζεις

143 1756 157 1785 ς
175 1757 224 1779 146
246 1766 279 1775 =
300 1757 312 1779 1
330 1754 397 1787 Reg.
418 1754 468 1780 XV
484 1757 525 1780 14.

130 1803 254 1822 Ioszrnus.
283 1803 313 1823 Π,
913 1802 928 1825 3
