1261 1917
148 68 163 98 1
169 68 187 98 9
192 68 210 99 6
514 69 784 94 ΑΡΧΑΙΟΛΟΓΙΑΣ

146 148 264 189 γένους
288 149 389 180 αὐτοῦ
417 148 471 180 καὶ
495 154 552 189 τῆς
573 147 679 180 Ἰούδα
703 152 822 190 φυλῆς·
851 150 967 189 <12ἵ>
990 150 1155 190 προδόντα

147 200 258 242 με’ντοι
278 202 316 232 τὰ
336 200 573 243 ἐπιτηδεύματα
597 200 650 232 καὶ
670 202 778 241 λήθην
802 201 911 232 αὐτῶν
934 203 1156 243 ποιησάμενον

146 253 200 285 καὶ
226 255 372 292 ξενικοὺς
394 255 495 291 θεοὺς
518 255 717 295 θρησκεύειν
738 255 1003 295 μεταβαλόμενον
1022 255 1156 295 πρόρρι-

149 309 203 345 ζον
227 307 389 347 ἐκκόψειν,
413 306 466 338 καὶ
491 308 569 348 μήτε
592 312 651 338 τοῦ
674 306 792 347 γένους
819 319 849 338 τι
874 309 1033 344 λείψανον
1057 306 1158 338 αὐτὸν

149 359 257 391 ἐάσειν
281 361 359 401 μήτε
383 361 441 391 τὸν
464 365 531 391 τῶν
547 358 755 401 Ἰσραηλιτῶν
779 361 860 391 λαὸν
882 359 994 400 ἀπαθῆ
1015 360 1158 400 παρόψε-
1172 370 1184 389 5

149 416 239 452 σθαι,
263 412 418 453 πολέμοις
441 411 470 443 δ’
498 413 617 450 αὐτοὺς
639 411 693 443 καὶ
722 417 833 449 κακοῖς
861 411 1071 452 ἐξαφανίσειν
1099 424 1158 453 μυ-

149 468 247 507 ρίοις,
276 465 335 496 κάκ
359 470 417 506 τῆς
440 470 513 506 γῆς,
542 465 584 505 ἣν
607 471 676 502 τοῖς
704 465 866 505 πατράσιν
894 464 1003 496 αὐτῶν
1027 466 1158 504 ἔδωκεν,

150 519 296 560 ἐκβαλὼν
321 518 484 558 ἐπήλυδας
507 518 681 559 ἀλλοτρίας
703 519 931 558 καταστήσειν,
960 518 1076 557 <128>
1101 518 1159 548 τὸν

150 570 186 603 δὲ
215 572 297 602 ναὸν
329 572 387 602 τὸν
419 575 482 601 νῦν
515 570 775 611 οἰκοδομηθέντα
803 571 1160 611 καταπρησθησόμενον

150 630 219 661 τοῖς
243 623 376 664 ἐχθροῖς
400 624 609 664 παραδώσειν
637 622 689 654 καὶ
714 624 1036 665 διαρπαγησόμενον,
1064 634 1159 653 κατα-
1176 634 1200 652 10

151 677 289 713 σκάψειν
318 675 353 707 δὲ
381 675 434 707 καὶ
463 677 523 716 τὴν
551 678 648 707 πόλιν
676 675 766 717 χερσὶ
798 681 865 707 τῶν
894 677 1074 716 πολεμίων,
1106 673 1159 706 καὶ

151 731 301 770 ποιήσειν
325 730 444 771 μύθων
467 729 541 766 ἄξια
564 730 603 760 τὰ
626 728 702 769 παρ’
725 729 838 766 αὐτοῖς
861 729 943 760 κακὰ
966 727 1020 759 καὶ
1039 730 1162 768 πολλῆς

152 782 195 814 δι’
213 782 401 823 ὑπερβολὴν
420 781 584 823 μεγέθους
603 781 763 821 ἀπιστίας,
783 782 890 822 <129>
906 781 951 818 ὡς
969 782 1046 817 τοὺς
1062 788 1162 821 προσ-

152 837 263 872 οίκους
283 835 464 872 ἀκούοντας
482 835 543 874 τὴν
563 835 739 875 συμφορὰν
758 834 939 874 θαυμάζειν
962 832 1016 864 καὶ
1035 833 1096 873 τὴν
1114 834 1163 863 αι’-

152 889 226 919 τιάν
241 891 541 928 πολυπραγμονεῖν,
562 885 605 917 δι’
623 887 664 926 ἣν
680 887 783 924 οὕτως
801 886 1007 927 ἐμισήθησαν
1017 884 1163 927 Ἑβραῖοι
1179 896 1203 915 15

152 946 196 984 τῷ
220 944 303 983 θεῷ,
331 941 492 981 πρότερον
521 940 568 976 εἰς
597 938 696 976 δόξαν
724 938 777 970 καὶ
806 941 950 970 πλοῦτον
978 937 1034 970 ὑπ’
1061 938 1162 969 αὐτοῦ

153 992 391 1034 προαχθέντες,
423 992 477 1023 καὶ
510 993 597 1033 παρὰ
629 997 696 1023 τῶν
728 991 997 1032 ὑπολειπομένων
1030 991 1163 1022 ἀκούειν

154 1044 463 1086 ἐξομολογουμένων
487 1046 544 1082 τὰς
565 1045 723 1085 ἁμαρτίας
743 1044 851 1075 αὐτῶν
870 1043 923 1075 καὶ
943 1045 1000 1081 τὰς
1019 1049 1085 1074 τῶν
1104 1054 1163 1074 πα-

154 1100 255 1139 τρίων
278 1100 428 1139 νομίμων
451 1098 661 1139 παραβάσεις.
1202 1137 1208 1142 .

221 1151 328 1191 <130>
353 1155 454 1182 ταῦτα
478 1149 538 1191 μὲν
562 1148 623 1181 οὖν
647 1150 734 1193 αὐτῷ
762 1151 820 1181 τὸν
847 1150 930 1181 θεὸν
957 1150 1061 1180 εἰπεῖν
1084 1149 1164 1179 κατὰ
1179 1159 1205 1178 20

115 1205 135 1235 5
155 1206 231 1240 τοὺς
263 1203 390 1241 ὕπνους
422 1202 678 1244 ἀναγέγραπται·
718 1203 797 1243 μετὰ
830 1200 866 1233 δὲ
898 1202 958 1242 τὴν
990 1205 1049 1232 τοῦ
1082 1205 1165 1232 ναοῦ

155 1257 368 1296 κατασκευήν,
389 1255 424 1287 ἐν
444 1257 549 1287 ἔτεσιν
569 1255 658 1296 ἑπτά,
679 1256 791 1292 καθὼς
804 1255 1054 1296 προειρήκαμεν,
1073 1265 1165 1293 γενο-

156 1309 273 1350 μένην,
296 1309 356 1349 τὴν
379 1315 446 1340 τῶν
470 1311 646 1350 βασιλείων
670 1309 862 1349 οἰκοδομίαν
885 1307 1094 1348 κατεβάλετο,
1124 1306 1165 1346 ἣν

157 1364 240 1393 ε”τεσι
264 1361 351 1402 τρισὶ
375 1361 428 1392 καὶ
453 1360 531 1392 δέκα
555 1363 648 1402 μόλις
667 1361 853 1402 ἀπήρτισεν.
891 1359 930 1390 οὐ
950 1360 1011 1400 γὰρ
1031 1360 1089 1390 τὸν
1109 1358 1165 1389 αύ-

156 1416 214 1446 τὸν
239 1414 453 1452 ἐσπουδάζετο
477 1415 600 1455 τρόπον
624 1414 723 1455 ὅνπερ
747 1415 783 1444 τὸ
806 1414 906 1453 ἱερόν,
930 1412 1012 1443 ἀλλὰ
1035 1412 1071 1442 τὸ
1095 1410 1165 1452 μέν,
1180 1421 1205 1441 25

156 1469 271 1508 καίπερ
291 1467 330 1498 ὃν
350 1467 431 1508 μέγα
450 1466 503 1498 καὶ
521 1471 714 1508 θαυμαστῆς
733 1466 886 1508 ἐργασίας
904 1464 957 1496 καὶ
977 1464 1164 1505 παραδόξου

157 1520 344 1560 τετυχηκός,
369 1520 415 1550 ἔτι
438 1518 491 1550 καὶ
515 1523 574 1550 τοῦ
598 1522 681 1549 θεοῦ
705 1522 944 1558 συνεργοῦντος
968 1518 1015 1554 εἰς
1038 1516 1076 1547 ὃν
1101 1515 1165 1556 ἐγί-

157 1583 242 1609 νετο,
266 1577 335 1608 τοῖς
353 1570 603 1612 προειρημένοις
623 1572 728 1601 ἔτεσιν
748 1571 842 1610 ἔλαβε
861 1568 971 1609 πέρας,
996 1569 1102 1608 <131>
1126 1570 1165 1600 τὰ

158 1623 194 1655 δὲ
222 1626 370 1664 βασίλεια
401 1625 486 1655 πολὺ
519 1628 576 1664 τῆς
608 1623 699 1661 ἀξίας
730 1627 789 1654 τοῦ
821 1626 904 1653 ναοῦ
931 1620 1165 1662 καταδεέστερα

158 1677 373 1717 τυγχάνοντα,
396 1681 440 1718 τῷ
460 1677 539 1716 μήτε
556 1674 719 1717 τὴνζῦλην
739 1675 772 1706 ἐκ
792 1675 951 1706 τοσούτου
971 1676 1093 1715 χρόνου
1112 1674 1162 1706 καὶ
1181 1684 1205 1701 30

231 1740 244 1768 ξ
262 1739 310 1762 127
332 1750 364 1758 =
384 1739 399 1761 3
417 1737 484 1769 Reg.
500 1736 537 1761 IX
554 1739 580 1768 73
601 1740 616 1762 ‘2
634 1735 723 1761 Pan-al.
740 1736 790 1762 VH
806 1739 848 1762 20.
