1261 1917
50 625 75 645 10

51 890 74 909 15

49 1156 74 1175 20

50 1419 74 1439 25

49 1684 75 1705 30

537 57 662 83 οΓΔοΗ
1044 57 1107 89 195

158 138 265 178 (122)
291 138 308 169 ὁ
333 136 394 179 μὲν
418 135 479 170 οὖν
502 139 657 179 βασιλεὺς
686 137 873 179 διαλεχθεὶς
902 143 1003 170 ταῦτα
1026 139 1109 179 πρὸς
1128 149 1143 174 5

91 192 126 223 τὸ
145 193 275 232 πλῆθος
295 191 423 222 διαλύει
443 191 503 231 τὴν
523 190 708 231 ἐκκλησίαν,
733 190 865 229 τελέσας
884 193 1006 229 θυσίας
1025 191 1108 233 ὑπέρ

91 255 123 276 τε
147 244 250 276 αὑτοῦ
274 242 328 275 καὶ
351 244 486 279 πάντων
502 243 675 285 Ἑβραίων,
699 244 743 281 ὡς
766 245 910 284 μόσχους
932 242 993 285 μὲν
1012 256 1108 275 κατα-

90 300 193 328 θῦσαι
216 298 357 338 μυρίους
379 295 433 328 καὶ
458 297 656 337 δισχιλίους,
684 296 860 337 προβάτων
884 295 920 328 δὲ
945 297 1108 338 μυριάδας

90 350 226 381 δώδεκα.
272 350 389 390 (123)
419 351 477 382 τὸν
506 351 567 390 γὰρ
599 351 679 381 ναὸν
708 351 779 381 τότε
808 355 940 391 πρῶτον
973 351 1109 390 ἔγευσεν

90 402 374 444 ἱερουργημάτων,
407 402 461 434 καὶ
494 404 775 444 κατευωχήθησαν
807 402 843 434 ἐν
871 403 960 446 αὐτῷ
988 403 1109 441 πάντες

89 457 151 488 σὺν
174 455 306 496 γυναιξὶ
329 455 383 487 καὶ
406 455 534 494 τέκνοις
550 455 707 497 Ἑβραῖοι,
754 457 801 488 ἔτι
822 455 857 488 δὲ
878 455 932 487 καὶ
952 457 1012 497 τὴν
1033 465 1108 497 σκη-

90 512 252 550 νοπηγίαν
275 509 484 550 καλουμένην
513 509 631 551 ἑορτὴν
659 511 723 551 πρὸ
752 514 811 541 τοῦ
842 514 924 541 ναοῦ
952 513 1109 551 λαμπρῶς

89 562 141 595 καὶ
166 566 420 605 μεγαλοπρεπῶς
444 562 496 594 ἐπὶ
521 562 574 600 δὶς
593 562 672 594 ἑπτὰ
694 562 814 604 ἡμέρας
836 564 956 603 ἤγαγεν
979 563 996 595 ὁ
1016 565 1109 604 βασι-

89 618 165 654 λεὺς
188 618 250 648 σὺν
275 617 394 648 ἅπαντι
419 621 463 659 τῷ
488 619 556 660 λαῷ
581 617 879 658 κατευωχούμενος.

157 670 264 710 <124>
290 668 358 701 ἐπεὶ
383 668 413 701 δ’
439 667 525 711 εἶχεν
549 669 662 707 αὐτοῖς
685 669 905 711 ἀποχρώντως
928 674 1029 701 ταῦτα
1053 668 1107 701 καὶ
1127 682 1142 705 6

89 720 192 763 μηδὲν
216 721 321 754 ἐνέδει
346 727 383 764 τῇ
407 722 482 764 περὶ
506 724 565 754 τὸν
590 724 673 754 θεὸν
697 723 858 765 εὐσεβείᾳ,
881 724 970 764 πρὸς*
987 723 1109 760 αὑτοὺς

90 775 219 807 ἕκαστοι
242 780 302 807 τοῦ
322 775 482 817 βασιλέως
501 776 730 814 ἀπολύσαντος
751 775 891 818 ἀπῇσαν,
916 771 1109 817 εὐχαριστή-

90 838 205 866 σαντες
233 833 277 871 τῷ
306 831 437 870 βασιλεῖ
463 834 532 870 τῆς,
550 841 584 861 τε
613 828 687 871 περὶ
717 829 838 866 αὐτοὺς
865 831 1026 870 προνοίας
1054 827 1108 860 καὶ

90 879 137 913 ὧν
161 881 346 920 ἐπεδείξατο
367 883 483 924 ἔργων,
507 881 561 913 καὶ
583 882 754 924 εὐξάμενοι
774 887 818 925 τῷ
838 885 907 925 θεῷ
926 887 1108 924 παρασχεῖν

90 935 202 972 αὐτοῖς
230 935 277 972 εἰς
305 936 411 966 πολὺν
439 936 562 976 χρόνον
591 938 777 976 Σολομῶνα
806 935 956 976 βασιλέα·
985 936 1046 975 τήν
1075 947 1109 967 τε

89 990 226 1028 πορείαν
251 987 423 1020 ἐποιοῦντο
448 989 527 1029 μετὰ
551 993 653 1030 χαρᾶς
674 987 728 1020 καὶ
748 989 892 1029 παιδιᾶς,
916 988 1043 1029 ὕμνους
1062 989 1109 1026 εἰς

89 1042 147 1072 τὸν
166 1042 248 1072 θεὸν
263 1040 409 1083 ᾄδοντες,
430 1042 474 1079 ὡς
492 1042 556 1073 ὑπὸ
578 1047 636 1083 τῆς
655 1041 778 1082 ἡδονῆς
798 1041 929 1079 ἀπόνως
948 1042 1008 1082 τὴν
1028 1041 1109 1073 ὁδὸν

88 1094 148 1134 τὴν
173 1093 224 1126 ἐπὶ
249 1095 287 1125 τὰ
312 1095 416 1126 οἰκεῖα
439 1095 564 1132 πάντας
589 1095 718 1126 ἀνύσαι.
765 1096 881 1135 (125)
909 1094 962 1126 καὶ
992 1096 1026 1126 οἳ
1048 1093 1109 1135 μὲν

89 1147 149 1187 τὴν
172 1148 314 1187 κιβωτὸν
338 1148 385 1185 εἰς
404 1148 462 1179 τὸν
482 1149 564 1179 ναὸν
584 1149 816 1189 εἰσαγαγόντες
836 1147 890 1180 καὶ
910 1149 946 1179 τὸ
966 1147 1109 1189 μέγεθος

90 1198 143 1231 καὶ
172 1201 208 1231 τὸ
237 1200 356 1238 κάλλος
387 1201 619 1242 ἶστορήσαντες
651 1201 769 1242 αὐτοῦ,
801 1201 856 1233 καὶ
889 1205 1021 1233 θυσιῶν
1055 1199 1104 1232 ἐπ’

90 1252 178 1295 αὐτῷ
198 1253 348 1293 μεγάλων
367 1252 421 1284 καὶ
441 1252 565 1296 ἑορτῶν
584 1256 832 1296 μεταλαβόντες,
855 1256 901 1292 εἰς
920 1256 977 1292 τὰς
997 1254 1108 1286 αὑτῶν

90 1305 220 1337 ἕκαστοι
244 1306 356 1342 πόλεις
380 1305 600 1347 ὑπέστρεψαν·
630 1309 712 1348 ὄναρ
738 1307 768 1338 δ’
796 1306 958 1348 ἐπιφανὲν
982 1312 1026 1350 τῷ
1050 1309 1108 1348 βα-

90 1361 176 1390 σιλεῖ
209 1359 290 1390 κατὰ
322 1360 399 1396 τοὺς
430 1359 558 1397 ὕπνους
591 1359 752 1401 ἐσήμηνεν
785 1360 887 1392 αὐτοῦ
920 1365 978 1401 τῆς
1010 1360 1108 1401 εὐχῆς

90 1410 231 1452 ἐπήκοον
260 1413 318 1443 τὸν
346 1413 428 1443 θεὸν
457 1412 642 1453 γεγονέναι,
672 1414 788 1454 <126>
812 1413 866 1445 καὶ
891 1414 941 1445 ὅτι
968 1414 1107 1454 φυλάξει

89 1476 123 1496 τε
147 1465 205 1496 τὸν
229 1465 312 1496 ναὸν
335 1463 388 1496 καὶ
413 1465 468 1496 διὰ
492 1467 615 1504 παντὸς
638 1465 675 1497 ἐν
698 1465 786 1509 αὐτῷ
810 1472 904 1507 μενεῖ
926 1472 992 1498 τῶν
1016 1466 1107 1507 ἐκγό-

92 1529 158 1549 νων
173 1517 276 1549 αὐτοῦ
290 1517 344 1549 καὶ
360 1523 417 1559 τῆς
436 1518 563 1559 ἁπάσης
581 1520 733 1560 πληθύος
752 1520 791 1551 τὰ
808 1520 920 1551 δίκαια
938 1521 1106 1561 ποιούσης.

89 1570 190 1602 αὐτὸν
214 1569 251 1602 δὲ
275 1577 407 1613 πρῶτον
432 1571 614 1613 ἐμμένοντα
643 1579 713 1611 ταῖς
742 1577 801 1604 τοῦ
828 1574 951 1615 πατρὸς
978 1574 1107 1614 ὑποθη-

89 1635 161 1661 καις
184 1625 295 1664 ἔλεγεν
320 1626 366 1662 εἰς
387 1625 472 1663 ὕψος
491 1625 545 1657 καὶ
565 1625 706 1667 με’γεθος
726 1626 939 1668 εὐδαιμονίας
958 1626 1107 1658 ἀνοίσειν

90 1677 241 1718 ἄπειρον,
268 1676 322 1708 καὶ
346 1679 556 1719 βασιλεύσειν
584 1677 634 1710 ἀεὶ
663 1684 720 1720 τῆς
747 1680 855 1721 χώρας
883 1681 960 1717 τοὺς
988 1679 1022 1711 ἐκ
1046 1683 1105 1711 τοῦ

162 1740 176 1769 ἓ
193 1740 242 1764 122
264 1751 296 1759 =
316 1741 330 1764 3
347 1738 415 1772 Reg,
431 1738 494 1764 VIII
510 1742 555 1771 63;
577 1742 591 1765 2
607 1739 698 1766 Pax-al.
716 1739 765 1766 VII
781 1742 805 1766 5.

891 1784 943 1809 13*
