1261 1917
43 606 67 626 10

44 872 66 890 15

41 1137 66 1156 20

41 1401 66 1421 25

0 1666 67 1685 ¹30

543 37 639 62 EKTn
1080 36 1097 67 7

84 116 176 151 θύει,
207 115 258 146 καὶ
289 119 472 156 παρακαλεῖ
499 118 557 148 τὸν
585 118 668 149 θεὸν
700 117 872 159 ὑπερέχειν
901 118 1011 150 αὐτῶν
1039 119 1099 159 τὴν

84 169 195 207 δεξιὰν
219 168 255 200 ἐν
273 173 311 210 τῇ
332 170 414 210 πρὸς
434 172 678 208 Παλαιστινούς
696 171 781 212 μάχῃ
801 170 854 202 καὶ
875 172 918 212 μὴ
938 172 1100 213 περιιδεῖν

84 223 240 262 δεύτερον
270 222 390 259 αὐτοὺς
419 223 694 264 δυστυχήσαντας.
743 223 879 264 ἐπήκοος
908 223 945 255 δὲ
973 227 1098 264 γίνεται

83 281 149 307 τῶν
180 275 286 316 εὐχῶν
319 275 335 307 ὁ
372 277 464 314 θεός,
497 276 550 308 καὶ
584 277 846 318 προσδεξάμενος
879 277 1010 318 εὐμενεῖ
1045 277 1096 309 καὶ

84 329 242 371 συμμάχῳ
267 332 303 369 τῇ
329 329 460 371 διανοίᾳ
489 330 549 370 τὴν
576 331 716 370 θυσίαν,
745 329 887 362 ἐπινεύει
916 332 1013 371 νίκην
1041 331 1098 362 αὐ-

83 387 152 419 τοῖς
184 381 237 413 καὶ
269 382 396 423 κράτος.
451 384 538 423 <26>
573 384 619 414 ἔτι
653 382 683 414 δ’
715 382 764 415 ἐπὶ
800 388 859 415 τοῦ
894 386 1008 425 βωμοῦ
1038 385 1099 424 τὴν

82 437 208 466 θυσιάν
239 436 370 476 ἔχοντος
403 440 462 467 τοῦ
490 439 574 467 θεοῦ
602 434 653 467 καὶ
687 436 782 477 μήπω
816 441 924 468 πᾶσαν
954 437 1008 468 διὰ
1042 442 1098 478 τῆς

83 488 172 528 ιἐρᾶς
200 490 324 528 φλογὸς
352 488 586 529 ἀπειληφότος,
615 491 785 530 προῆλθεν
814 489 848 521 ἐκ
876 494 935 522 τοῦ
964 499 1098 532 στρατο-

82 542 185 574 πέδου
212 542 228 582 ἡ
252 548 319 573 τῶν
342 544 508 583 πολεμίων
528 543 668 583 δύναμις
687 541 740 574 καὶ
760 543 995 583 παρατάττεται
1017 545 1099 584 πρὸς

82 596 202 637 μα’χην,
241 594 290 627 ἐπ’
327 595 434 627 ἐλπίδι
473 594 533 636 μὲν
568 597 659 636 νίκης
696 596 740 633 ὡς
777 595 1029 637 ἀπειλημμένων
1063 596 1098 628 ἐν

82 649 203 691 ἀπορίᾳ
232 654 298 680 τῶν
325 647 509 685 Ἰουδαίων,
543 648 623 689 μήθ’
655 649 739 680 ὅπλα
771 648 914 690 ἐχόντων
942 648 1023 690 μήθ’
1055 650 1098 687 ὡς

83 702 131 734 ἐπὶ
164 702 270 743 μάχην
304 700 400 733 ἐκεῖσ’
432 701 675 742 ἀπηντηκότων.
726 705 957 743 περιπίπτουσι
991 702 1021 734 δ’
1049 698 1099 740 οἷς

83 754 155 787 οὐδ’
183 757 212 786 εί
235 754 399 795 προύλεγέ
421 767 470 792 τις
497 755 619 797 ῥᾳδίως
643 755 854 795 ἐπείσθησαν.
900 756 986 795 <27>
1011 761 1099 796 πρῶ-

83 821 140 840 τον
164 807 224 850 μὲν
254 809 315 849 γὰρ
345 808 465 845 αὐτοὺς
496 808 512 839 ὁ
542 809 621 845 θεὸς
648 811 761 839 κλονεῖ
790 813 922 850 σεισμῷ,
952 807 1006 839 καὶ
1037 809 1098 849 τὴν

83 867 145 902 γῆν
169 862 282 898 αὐτοῖς
306 861 494 901 ὑπότρομον
520 859 571 891 καὶ
599 861 769 901 σφαλερὰν
792 862 928 901 κινήσας
952 863 1097 902 τίθησιν,

81 915 125 952 ὡς
149 913 370 955 σαλευομένης
389 925 422 945 τε
442 914 498 950 τὰς
517 913 629 954 βάσεις
648 913 878 955 ὑποφέρεσθαι
898 914 951 946 καὶ
973 915 1097 946 διιστα-

80 968 180 1009 μένης
209 969 255 1005 εἰς
284 969 355 999 ἔνια
388 973 454 998 τῶν
486 967 660 1008 χασμάτων
692 967 952 1008 καταφέρεσθαι·
987 970 1097 1000 ἔπειτα

81 1023 235 1062 βρονταῖς
267 1021 503 1061 καταψοφήσας
540 1019 591 1051 καὶ
632 1020 808 1061 διαπύροις
839 1020 1020 1061 ἀστραπαῖς
1053 1022 1097 1060 ὡς

80 1073 293 1114 καταφλέξων
317 1074 427 1105 αὐτῶν
446 1074 503 1110 τὰς
522 1074 614 1111 ὄψεις
632 1074 849 1115 περιλάμψας,
873 1073 926 1105 καὶ
947 1080 1014 1106 τῶν
1032 1087 1097 1116 χει-

81 1132 149 1167 ρῶν
174 1126 352 1168 ἐκκρούσας
380 1127 419 1158 τὰ
444 1127 542 1167 ὅπλα,
568 1128 714 1167 γυμνοὺς
738 1128 784 1164 είς
809 1128 921 1168 φυγὴν
945 1127 1097 1169 ἀνέστρε-

82 1187 150 1217 ψεν.
198 1181 283 1219 <28>
309 1180 510 1221 ἐπεξέρχεται
540 1178 577 1211 δὲ
601 1181 798 1221 Σαμούηλος
826 1181 906 1222 μετὰ
936 1186 993 1222 τῆς
1016 1184 1096 1222 πλη-

82 1234 181 1270 θύος,
216 1232 269 1264 καὶ
307 1234 450 1270 πολλοὺς
487 1233 696 1274 κατασφάξας
728 1237 970 1266 κατακολουθεῖ
1002 1234 1095 1276 μέχρι

81 1287 272 1326 Κορραίων,
300 1287 403 1317 τόπου
433 1287 523 1324 τινὸς
557 1287 643 1318 οὕτω
674 1286 863 1328 λεγομένου.
915 1287 967 1319 καὶ
1000 1300 1096 1319 κατα-

80 1340 183 1379 πήξας
207 1339 273 1370 ἐκεῖ
291 1341 390 1371 λίθον
410 1340 518 1380 ὥσπερ
539 1340 618 1379 ὅρον
637 1344 694 1380 τῆς
713 1342 805 1380 νίκης
828 1339 882 1371 καὶ
907 1345 963 1381 τῆς
988 1346 1097 1382 φυγῆς

81 1397 147 1423 τῶν
170 1394 346 1433 πολεμίων.Ι
372 1393 509 1433 ἰσχυρὸν
533 1393 635 1424 αὐτὸν
654 1394 902 1434 προσαγορεύει,
927 1394 1096 1435 σύμβολον

81 1451 137 1486 τῆς
160 1446 248 1486 παρὰ
267 1450 326 1477 τοῦ
346 1450 429 1477 θεοῦ
449 1445 627 1487 γενομένης
646 1446 758 1484 αὐτοῖς
777 1448 857 1478 κατὰ
877 1453 943 1479 τῶν
965 1447 1096 1489 ἐχθρῶν

82 1500 200 1540 ἰσχύος.

147 1553 233 1592 <29>
258 1553 293 1583 οἳ
310 1550 345 1583 δὲ
370 1551 438 1593 μετ’
464 1551 593 1592 ἐκείνην
617 1552 677 1592 τὴν
701 1554 830 1593 πληγὴν
854 1553 960 1585 οὐκέτ’
983 1554 1095 1595 ἐστρα-
1115 1565 1121 1584 ;

81 1613 200 1636 τευσαν
225 1604 275 1636 ἐπὶ
296 1606 373 1642 τοὺς
395 1604 605 1646 Ἰσραηλίτας.
630 1604 701 1637 ἀλλ’
729 1606 791 1637 ὑπὸ
817 1606 914 1644 δέους
937 1607 989 1639 καὶ
1016 1609 1096 1649 μνή-

82 1670 142 1699 μης
178 1664 245 1689 τῶν
284 1660 539 1699 συμβεβηκότων
572 1658 742 1700 ἡσύχαζον.
799 1659 816 1691 ὃ
851 1659 880 1691 δ’
916 1658 958 1700 ἦν
995 1661 1095 1692 πάλαι

152 1722 166 1750 ς
182 1721 214 1745 25
235 1732 268 1740 =
290 1722 302 1744 1
324 1718 392 1752 Reg.
412 1719 463 1745 vn
480 1723 503 1745 ει.
