1261 1917
151 51 216 82 280
516 53 788 77 ΑΡΧΑῙΟΛΟΓΙΑΣ

152 133 258 171 δίκην,
278 132 327 163 ὅτι
346 137 412 162 τῶν
431 130 490 172 μὲν
511 132 607 163 ι’δίων
621 131 770 172 πατέρων
790 133 927 173 μιμητὴς
946 133 1004 164 οὐκ
1021 132 1158 172 ἐγένετο,

152 190 221 221 τοῖς
240 183 275 215 δὲ
296 189 362 215 τῶν
378 183 585 226 Ἰσραηλιτῶν
605 184 767 226 βασιλέων
786 186 1072 225 κατηκολούθησεν
1087 185 1159 216 ἀσε-

152 237 288 277 βήμασι,
318 235 371 268 καὶ
400 237 627 277 συνηνάγκασε
657 238 717 278 τὴν
747 242 805 269 τοῦ
831 236 937 268 Ἰούδα
968 238 1078 278 φυλὴν
1105 236 1159 268 καὶ

152 291 229 327 τοὺς
252 291 386 327 πολίτας
401 289 636 331 Ἱεροσολύμων
660 289 802 331 ἀφέντας
821 290 880 330 τὴν
901 290 995 321 ὁσίαν
1014 295 1073 321 τοῦ
1093 289 1160 321 ε’πι-

152 344 274 383 χωρίου
298 346 380 374 θεοῦ
404 345 585 383 θρησκείαν
609 342 718 383 σέβειν
746 344 784 374 τὰ
809 344 942 381 εἴδωλα,
971 343 1083 380 καθὼς
1106 341 1160 373 καὶ

145 393 285 436 Ἄχαβος
308 397 385 432 τοὺς
405 394 605 436 Ἰσραηλίτας
629 395 796 436 ἐβιάσατο,
824 396 931 435 <ῙΟΟ>
955 396 1003 426 ὅτι
1028 407 1060 426 τε
1085 397 1161 432 τοὺς

152 447 317 488 ἀδελφοὺς
352 448 544 488 διεχρήσατο
577 446 629 478 καὶ
663 449 739 484 τοὺς
772 447 919 487 ἀγαθοὺς
951 448 1075 488 ἄνδρας
1106 447 1160 479 καὶ

152 501 300 537 δικαίους
325 500 504 531 ἀπέκτεινε·
533 502 592 540 τήν
616 512 648 531 τε
674 502 847 541 τιμωρίαν,
875 500 916 540 ἣν
940 499 1012 531 ἀντὶ
1036 501 1161 531 τούτων

151 552 286 593 ὑφέξειν
310 555 458 594 ἔμελλεν,
483 553 657 594 ἐσήμαινεν
682 552 717 584 ἐν
741 559 809 590 τοῖς
832 552 1018 593 γράμμασιν
1042 553 1059 583 ὁ
1083 565 1161 594 προ-

152 607 266 645 φήτης,
291 607 434 647 ὄλεθρον
457 610 516 636 τοῦ
541 609 622 637 λαοῦ
645 604 698 636 καὶ
719 606 854 646 φθορὰν
874 610 1041 644 γυναικῶν
1060 605 1161 636 αὐτοῦ

152 658 205 689 καὶ
226 658 359 696 τέκνων,
379 659 486 698 <101>
507 657 560 689 καὶ
581 659 629 690 ὅτι
649 658 841 698 τεθνήξεται
862 658 947 700 νόσῳ
967 662 1024 698 τῆς
1040 658 1163 698 νηδύος

153 710 204 742 ἐπὶ
224 713 308 742 πολὺ
328 713 554 752 βασανισθείς,
573 710 627 741 καὶ
646 716 712 741 τῶν
732 710 873 750 ἐντέρων
893 710 980 752 αὐτῷ
1000 709 1043 741 δι’
1065 711 1162 751 ὑπερ-

152 764 255 803 βολὴν
274 769 330 804 τῆς
350 770 416 795 τῶν
436 763 528 801 ε’ντὸς
548 764 736 804 διαφθορᾶς
755 762 948 803 ἐκρυέντων,
968 762 1043 794 ὥστ’
1061 763 1163 794 αὐτὸν

153 815 307 847 ἐπιδόντα
341 817 400 857 τὴν
434 817 535 847 αὑτοῦ
569 817 745 857 συμφορὰν
778 815 831 847 καὶ
862 814 964 856 μηδὲν
998 817 1162 856 βοηθῆσαι

153 869 339 909 δυνάμενον
362 867 466 899 ἔπειθ’
490 869 594 905 οὕτως
613 868 806 899 ἀποθανεῖν.
844 873 944 899 ταῦτα
965 867 1024 909 μὲν
1044 867 1163 908 ἐδήλου

154 921 207 952 διὰ
236 926 293 962 τῆς
321 921 492 961 ἐπιστολῆς
520 921 537 952 ὁ
564 920 688 957 Ἠλίας
717 922 832 960 <102>
862 920 929 961 μετ’
956 921 996 951 οὐ
1019 922 1103 952 πολὺ
1127 919 1163 951 δὲ

154 975 290 1014 στρατὸς
307 973 454 1014 Ἀράβων
473 979 539 1005 τῶν
559 975 690 1013 ἔγγιστα
708 978 764 1013 τῆς
780 974 961 1010 Αἰθιοπίας
975 974 1163 1004 κατοικούν-

153 1038 219 1057 των
246 1025 300 1056 καὶ
329 1031 395 1057 τῶν
423 1026 620 1067 ἀλλοφύλων
651 1027 697 1062 εἰς
725 1026 785 1065 τὴν
810 1024 967 1066 Ἰωράμου
995 1027 1164 1066 βασιλείαν

154 1077 302 1118 ἐνέβαλε,
331 1077 384 1109 καὶ
413 1079 473 1117 τήν
501 1090 535 1109 τε
563 1079 673 1119 χώραν
702 1079 886 1118 διήρπασαν
914 1076 967 1108 καὶ
992 1079 1049 1108 τὸν
1073 1075 1165 1108 οἷκον

155 1136 212 1162 τοῦ
237 1130 406 1171 βασιλέως,
431 1133 475 1162 ἔτι
502 1129 537 1162 δὲ
557 1130 610 1161 καὶ
630 1132 707 1167 τοὺς
726 1131 820 1167 υἱοὺς
839 1130 940 1161 αὐτοῦ
960 1129 1166 1170 κατέσφαξαν

154 1183 204 1214 καὶ
232 1185 289 1220 τὰς
312 1190 478 1223 γυναῖκας.
521 1179 568 1221 εἷς
592 1182 627 1214 δὲ
651 1183 738 1225 αὐτῷ
763 1184 982 1223 περιλείπεται
1006 1188 1072 1213 τῶν
1092 1184 1165 1213 παί-

155 1237 233 1275 δων,
254 1237 429 1277 διαφυγὼν
447 1238 525 1273 τοὺς
544 1238 731 1277 πολεμίους,
753 1235 893 1276 Ὀχοζίας
907 1237 1019 1276 ὄνομα.
1058 1236 1165 1275 <103>

154 1290 232 1329 μετὰ
258 1287 292 1320 δὲ
313 1290 434 1329 ταύτην
454 1290 514 1329 τὴν
534 1289 709 1329 συμφορὰν
731 1288 829 1325 αὐτὸς
848 1288 908 1328 τὴν
926 1287 1166 1329 προειρημένην

157 1342 218 1372 ὑπὸ
243 1346 301 1372 τοῦ
325 1343 497 1383 προφήτου
520 1343 620 1373 νόσον
642 1340 693 1372 ἐπὶ
713 1344 867 1372 πλεῖστον
886 1342 1027 1380 νοσήσας
1046 1341 1167 1381 χρόνον

156 1393 331 1435 (ἐπέσκηψε
360 1395 421 1435 γὰρ
451 1396 498 1431 εἰς
528 1394 587 1434 τὴν
615 1393 755 1434 γαστέρα
785 1394 820 1424 τὸ
849 1397 945 1424 θεῖον
976 1393 1077 1424 αὐτοῦ
1108 1394 1167 1433 τὴν

156 1446 273 1487 ὀργήν)
308 1446 456 1484 ἐλεεινῶς
489 1446 671 1486 ἀπέθανεν,
710 1445 833 1477 ἐπιδὼν
866 1446 967 1476 αὑτοῦ
1005 1446 1042 1476 τὰ
1076 1445 1167 1482 ἐντὸς

156 1499 320 1540 ἐκρυέντα.
358 1500 549 1540 περιύβρισε
574 1498 604 1530 δ’
627 1499 729 1530 αὐτοῦ
751 1498 805 1529 καὶ
825 1499 883 1529 τὸν
903 1499 1020 1538 νεκρὸν
1040 1498 1056 1528 ὁ
1076 1499 1166 1535 λαός·

156 1553 263 1591 <104>
289 1552 499 1592 λογισάμενοι
524 1552 596 1592 γάρ,
621 1549 722 1592 οἶμαι,
746 1552 804 1582 τὸν
828 1551 931 1587 οὕτως
954 1550 1167 1581 ἀποθανόντα

155 1604 234 1634 κατὰ
259 1609 360 1644 μῆνιν
383 1608 466 1635 θεοῦ
490 1602 571 1644 μηδὲ
595 1604 727 1643 κηδείας
752 1608 809 1643 τῆς
833 1605 1001 1643 βασιλεῦσι
1026 1603 1166 1643 πρεπού-

1178 614 1202 632 10

1179 877 1202 895 15

1180 1127 1205 1157 2'0

1181 1401 1241 1420 25

156 1665 214 1695 σης
233 1657 325 1693 ἄξιον
345 1654 428 1687 εἶναι
449 1662 570 1697 τυχεῖν,
590 1656 664 1687 οὔτε
680 1662 749 1692 ταῖς
764 1654 929 1698 πατρῴαις
949 1654 1166 1694 ε’νεκήδευσαν
1180 1662 1205 1681 30

227 1719 240 1748 ξ
258 1720 307 1743 100
328 1730 360 1738 =
381 1720 394 1741 -Ξ
411 1716 501 1742 Pau-az.
518 1715 581 1741 XXI
599 1719 637 1741 13.
