1261 1917
516 74 668 100 EBAOMH
1037 73 1096 104 161

82 158 181 194 θεοῦ,
209 152 262 185 καὶ
286 159 353 185 τῶν
376 158 435 185 τοῦ
458 155 702 195 θυσιαστηρίου
725 154 885 195 κεράτων,
912 153 931 185 ἃ
956 154 997 194 δὴ
1021 166 1099 195 προ*

83 213 187 249 εῖχεν,
226 207 453 248 ἐλλαβόμενος.
504 208 661 247 δηλοῦται
699 211 796 238 τοῦτο
830 209 1007 248 Σολομῶνι
1045 219 1100 239 πε-

83 261 240 301 ποιηκώς,
270 259 324 291 καὶ
352 261 478 297 πίστεις
505 259 607 298 ἀξιῶν
634 258 711 301 παρ’
742 260 845 291 αὐτοῦ
874 262 988 301 λαβεῖν
1017 261 1099 292 ὥστε

84 314 127 355 μὴ
151 318 389 355 μνησικακῆσαι
409 312 485 354 μηδ’
508 312 712 354 ἐργάσασθαι
733 313 846 345 δεινὸν
865 313 968 345 αὑτὸν
987 313 1099 354 μηδέν.

57 379 66 384 ·
83 367 191 407 <362>
215 367 232 398 ὃ
257 365 287 398 δ’
316 365 442 407 ἡμέρως
464 366 553 398 πάνυ
576 365 627 397 καὶ
655 368 837 407 σωφρόνως
863 371 920 407 τῆς
943 365 1004 407 μὲν
1027 368 1099 398 τότε

84 420 244 461 ἁμαρτίας
267 419 369 451 αὐτὸν
393 419 521 460 ἀφῆκεν
544 419 674 462 ἀθῷον,
703 420 805 451 εἰπὼν
829 418 872 459 δ’,
901 421 932 451 εἰ
954 422 1098 461 ληφθείη

84 485 114 504 τι
138 473 239 504 πάλιν
262 478 478 513 καινοποιῶν,
508 471 612 516 ἑαυτῷ
637 476 744 504 αἴτιον
768 477 826 513 τῆς
850 474 1009 514 τιμωρίας
1033 474 1100 504 ἔσε-

84 529 180 566 σθαι,
208 525 339 567 πέμψας
367 526 470 558 αὐτὸν
497 526 669 566 ἀνίστησιν
697 525 760 557 άπὸ
790 530 847 567 τῆς
871 526 1003 564 ἱκεσίας.
1051 525 1101 557 ⁵¹2.-

84 581 190 611 θόντα
214 577 250 610 δὲ
274 580 357 619 πρὸς
378 579 480 611 αὐτὸν
498 578 550 610 καὶ
571 580 846 619 προσκυνήσαντα
865 581 912 617 εἰς
931 580 991 620 τὴν
1011 580 1101 611 ἰδίαν

84 633 194 664 οίκιάν
217 632 378 664 ἀπελθεῖν
402 631 550 664 ἐκέλευσε
574 631 678 673 μηδὲν
729 634 935 674 ρορώμενον,
964 631 1015 664 καὶ
1042 637 1101 664 τοῦ

84 689 202 718 λοιποῦ
230 685 386 726 παρέχειν
414 686 516 717 αὑτὸν
543 685 674 726 ἀγαθὸν
703 686 747 723 ὡς
775 685 863 728 αὐτῷ
894 691 991 717 τοῦτο
1021 695 1101 727 συμ-

84 739 191 779 φέρον
216 739 318 779 ἠξίου.

150 793 258 832 <363>
278 794 482 833 βουλόμενος
501 790 537 823 δὲ
555 793 706 832 Δαυίδης
726 791 778 823 ἐπὶ
797 794 921 830 παντὸς
939 797 998 824 τοῦ
1018 795 1101 824 λαοῦ

84 844 253 883 ἀποδεῖξαι
283 847 342 877 τὸν
370 846 444 876 υίὸν
472 844 622 885 βασιλέα,
652 848 809 885 συγκαλεῖ
835 846 913 882 τοὺς
941 846 1102 886 ἄρχοντας

59 910 67 914 ·
84 899 132 936 είς
160 897 371 939 Ἱεροσόλυμα
407 896 461 929 καὶ
499 899 577 935 τοὺς
615 898 713 938 ίερεῖς
749 897 802 929 καὶ
840 900 917 936 τοὺς
949 900 1101 936 Λευίτας.

84 951 307 993 ἐξαριθμήσας
326 950 362 982 δὲ
382 951 520 988 τούτους
538 956 670 991 πρῶτον
686 951 829 992 εὑρίσκει
847 957 914 983 τῶν
928 951 992 984 άπὸ
1012 952 1101 992 τριά-

82 1003 172 1036 κοντ’
191 1004 274 1036 ἐτῶν
293 1004 354 1042 ἕως
372 1005 576 1044 πεντήκοντα
595 1006 810 1045 τρισμυρίους
830 1005 1102 1046 ὀκτακισχιλίους,

82 1058 192 1098 <364>
216 1057 248 1096 ἐξ
273 1055 320 1089 ὧν
344 1057 514 1095 ἀπέδειξεν
539 1056 732 1098 ἐπιμελητὰς
755 1056 816 1099 μὲν
835 1062 892 1098 τῆς
911 1059 1102 1099 οίκοδομίας

83 1115 143 1142 τοῦ
174 1115 255 1142 ναοῦ
284 1111 480 1152 δισμυρίους
508 1113 802 1152 τετρακισχιλίους,
835 1112 948 1152 κριτὰς
976 1110 1011 1142 δὲ
1043 1115 1102 1143 τοῦ

85 1167 167 1196 λαοῦ
191 1163 245 1195 καὶ
270 1169 470 1204 γραμματεῖς
497 1164 624 1195 τούτων
648 1162 899 1205 ἑξακισχιλίους,
927 1166 1102 1204 πυλωροὺς

85 1216 121 1248 δὲ
145 1218 425 1257 τετρακισχιλίους
449 1220 508 1247 τοῦ
532 1219 626 1248 οἴκου
650 1221 709 1247 τοῦ
729 1220 822 1257 θεοῦ,
845 1216 898 1248 καὶ
923 1219 1102 1256 τοσούτους

84 1269 260 1313 ὑμνῳδοὺς
274 1274 333 1301 τοῦ
348 1273 442 1307 θεοῦ,
462 1268 604 1311 ᾅδοντας
622 1275 691 1306 τοῖς
710 1269 866 1310 ὀργάνοις
885 1266 935 1308 οἷς
950 1272 1103 1311 Δαυίδης

84 1324 311 1355 κατεσκεύασε.
330 1323 443 1360 καθὼς
461 1324 712 1363 προειρήκαμεν.
755 1324 863 1363 <365>
884 1324 1048 1365 διεμέρισε
1069 1324 1098 1355 δ’

85 1376 206 1413 αὐτοὺς
229 1377 310 1407 κατὰ
333 1376 486 1417 πατριάς,
510 1374 561 1407 καὶ
587 1378 730 1416 χωρίσας
754 1375 788 1407 ἐκ
812 1381 869 1417 τῆς
893 1380 1002 1418 φυλῆς
1025 1379 1102 1415 τοὺς

86 1430 184 1471 ἱερεῖς
215 1427 292 1470 ηὗρε
320 1429 447 1460 τούτων
476 1431 575 1459 εἴκοσι
607 1428 761 1470 τέτταρας
788 1429 941 1470 πατριάς,
975 1430 1009 1461 ἐκ
1041 1429 1103 1472 μὲν

85 1488 142 1524 τῆς
163 1482 357 1523 Ἐλεαζάρου
381 1483 487 1519 οίκιάς
510 1480 695 1519 ἑκκαίδεκα,
725 1482 759 1513 ἐκ
783 1481 819 1514 δὲ
845 1487 903 1523 τῆς
922 1482 1102 1525 Ἰθαμάρου

85 1537 179 1568 ὀκτώ.
227 1535 354 1574 διέταξέ
376 1547 410 1567 τε
434 1537 513 1576 μιάν
537 1536 679 1576 πατριὰν
707 1536 934 1568 διακονεῖσθαι
965 1542 1009 1576 τῷ
1035 1540 1102 1579 θεῷ

86 1588 138 1630 ἐφ’
163 1589 283 1630 ἡμέρας
307 1589 400 1629 ὀκτώ,
425 1588 488 1620 άπὸ
514 1588 680 1629 σαββάτου
701 1587 753 1620 ἐπὶ
775 1589 949 1631 σάββατον.
993 1591 1101 1631 (3366)

85 1641 138 1674 καὶ
163 1643 268 1680 οὕτως
297 1643 332 1674 αἶ
353 1640 487 1683 πατριαὶ
514 1646 615 1673 πᾶσαι
643 1642 919 1683 διεκληρώσαντο,
948 1644 1102 1675 Δαυίδου

85 1697 249 1737 παρόντος
272 1695 324 1727 καῖ
347 1696 511 1727 Σαδώκου
533 1694 587 1726 καὶ
606 1694 809 1737 Ἀβιαθάρου
833 1702 899 1728 τῶν
923 1696 1103 1738 ἀρχιερέων

158 1759 172 1788 ἓ
192 1760 243 1783 362
264 1770 297 1778 =
317 1759 332 1781 3
348 1756 416 1789 Reg.
437 1756 448 1781 1
465 1759 506 1783 52.
581 1758 596 1787 ξ
616 1758 667 1783 363
688 1770 721 1778 =
743 1760 756 1782 1
771 1756 864 1783 Par-al.
884 1757 974 1783 XXIII
989 1761 1012 1784 1.

139 1806 266 1826 Iosxvffrs.
294 1806 325 1826 LL
909 1805 941 1827 11
