1261 1917
566 67 690 93 οΓΔοΗ
1072 68 1087 98 1
1095 67 1136 98 ῖ5

120 148 201 189 πρὸς
224 147 327 187 αὑτὴν
351 149 526 188 μεταφέρει
550 146 603 178 καὶ
629 148 664 179 τὸ
692 148 808 189 νεκρὸν
833 147 912 188 ἐμοῦ
932 147 1137 189 κοιμωμένης

120 202 167 239 εἰς
199 201 255 238 τὰς
282 199 426 240 ἀγκάλας
455 212 519 242 μου
548 203 692 241 τίθησιν.
739 201 832 241 (29)
861 212 932 244 πρῳ
961 200 997 232 δὲ
1026 202 1136 242 θηλὴν

120 253 228 296 ὀρέξαι
251 252 436 295 βουλομένη
461 258 504 296 τῷ
528 254 650 297 παιδίῳ
678 255 715 285 τὸ
744 252 805 295 μὲν
832 253 911 295 ἐμὸν
936 254 994 295 οὐχ
1019 251 1134 295 ηὗρον,

118 309 154 340 τὸ
179 306 215 339 δὲ
238 307 356 347 ταύτης
384 307 502 348 νεκρὸν
531 307 598 346 ὁρῶ
622 319 677 348 μοι
706 309 961 348 παρακείμενον·
991 307 1134 349 ἀκριβῶς

91 361 180 402 ὁγὰρ
212 361 440 400 κατανοήσασα
473 359 561 391 τοῦτ’
594 359 750 400 ἐπέγνων.
802 361 883 391 ὅθεν
916 360 1042 392 ἀπαιτῶ
1076 361 1134 391 τὸν

119 413 198 455 ἐμὸν
220 413 310 451 υἱόν,
339 412 391 444 καὶ
417 413 477 445 οὐκ
501 413 781 454 ἀπολαμβάνουσα
805 413 1052 454 καταπέφευγα,
1082 412 1133 444 δέ-

118 475 231 507 σποτα,
255 465 305 497 ἐπὶ
331 466 391 506 τὴν
414 467 502 507 παρὰ
523 471 583 498 σοῦ
603 467 774 507 βοήθειαν.
821 472 865 510 τῷ
888 468 949 508 γὰρ
970 464 1054 498 εἶναι
1075 467 1132 508 μό-

118 532 176 557 νας
196 519 277 561 ἡμᾶς
296 518 349 550 καὶ
370 519 495 561 μηδένα
519 521 577 551 τὸν
597 519 723 560 ἐλέγξαι
744 520 932 561 δυνάμενον
952 522 1132 561 φοβεῖσθαι

116 577 372 614 καταφρονοῦσα
401 574 543 614 ἰσχυρῶς
569 572 756 614 ἀρνουμένη
785 572 985 614 παραμένειῖ
1037 573 1132 613 <30>

77 635 103 655 10
117 624 207 657 ταῦτ’
229 626 384 666 εἰπούσης
409 626 426 657 ὁ
450 628 605 667 βασιλεὺς
624 626 775 668 ἀνέκρινε
800 627 860 666 τὴν
880 625 995 666 ἑτέραν
1014 628 1048 657 τί
1065 631 1133 663 τοῖς

117 677 302 720 εἰρημένοις
325 678 510 719 ἀντιλέγειν
534 681 611 720 ἔχοι.
658 685 715 720 τῆς
743 679 774 710 δ’
801 679 1007 720 ἀρνουμένης
1035 683 1132 711 τοῦτο

117 731 344 772 πεποιηκέναι,
372 733 408 763 τὸ
438 731 473 763 δὲ
503 733 638 764 παιδιόν
666 734 702 764 τὸ
732 731 849 773 ἑαυτῆς
878 734 935 773 ζῆν
964 733 1133 772 λεγούσης,

117 786 154 816 τὸ
179 783 214 816 δὲ
239 790 296 825 τῆς
319 785 491 816 ἀντιδίκου
515 785 725 826 τεθνηκέναι,
754 786 895 826 μηδενὸς
920 785 1134 822 ἐπινοοῦντος

118 839 178 878 τὴν
197 840 317 879 κρίσιν,
341 837 412 870 ἀλλ’
435 839 543 879 ὥσπερ
564 837 614 870 ἐπ’
636 839 803 880 αἰνίγματι
828 837 901 879 περὶ
922 838 981 878 τὴν
1001 838 1132 879 εὕρεσιν

78 901 103 920 15
119 891 221 922 αὐτοῦ
244 892 378 922 πάντων
402 896 439 933 τῇ
465 892 597 934 διανοίᾳ
616 890 887 932 τετυφλωμένων,
911 892 1012 932 μόνος
1036 891 1053 922 ὁ
1075 892 1133 932 βα·

118 945 228 981 σιλεὺς
251 943 409 984 ἐπενόησέ
430 957 460 975 τι
485 949 654 991 τοιοῦτον.4
689 946 775 984 <31>
795 945 952 982 κελεύσας
972 947 1133 985 κομισθῆ-

117 1009 172 1028 ναι
196 998 232 1028 τὸ
258 998 375 1038 νεκρὸν
399 996 452 1028 καὶ
477 998 512 1029 τὸ
539 999 601 1036 ζῶν
628 998 764 1029 παιδίον
791 997 1035 1039 μεταπέμπεταί
1060 1009 1135 1028 τινα

117 1055 183 1081 τῶν
212 1051 517 1092 σωματοφυλάκων,
548 1049 600 1082 καὶ
632 1051 842 1092 σπασάμενον
870 1050 1046 1092 προσέταξε
1074 1050 1135 1090 τὴν

118 1103 282 1145 μάχαιραν
306 1103 476 1145 ἀμφότερα
501 1104 714 1145 διχοτομῆσαι
740 1105 778 1135 τὰ
802 1104 929 1144 παιδία,
954 1104 1041 1141 ὅπως
1063 1103 1134 1135 ἑκά-

79 1165 104 1184 20
119 1168 209 1196 τεραι
237 1157 383 1197 λάβωσιν
411 1155 462 1188 ἀν’
494 1157 595 1198 ἥμισυ
623 1161 682 1188 τοῦ
711 1169 744 1188 τε
773 1158 894 1195 ζῶντος
921 1156 972 1188 καὶ
1003 1161 1062 1188 τοῦ
1086 1169 1135 1188 τε-

119 1210 356 1249 τελευτηκότος.
403 1210 489 1249 <32>
516 1209 565 1241 ἐπὶ
588 1210 692 1253 τούτῳ
711 1215 774 1248 πᾶς
794 1208 854 1251 μὲν
874 1210 891 1241 ὁ
912 1211 990 1248 λαὸς
1009 1210 1134 1242 λανθά-

120 1275 180 1294 νον
208 1262 376 1304 ἐχλεύαζεν
409 1263 453 1300 ὡς
480 1263 651 1304 μειράκιον
679 1264 738 1295 τὸν
765 1262 915 1304 βασιλέα,
948 1263 1068 1304 μεταξὺ
1097 1262 1133 1294 δὲ

119 1321 176 1356 τῆς
199 1314 260 1357 μὲν
283 1315 483 1356 ἀπαιτούσης
502 1315 553 1348 καὶ
575 1316 724 1357 ἀληθοῦς
744 1318 865 1358 μητρὸς
885 1317 1135 1357 ἀνακραγούσης

118 1373 215 1400 τοῦτο
239 1369 282 1410 μὴ
306 1375 430 1409 ποιεῖν,
459 1368 792 1411 ἀλλάῗπαραδιδόναι
821 1374 858 1411 τῇ
884 1369 976 1412 ἑτέρα
1000 1371 1036 1401 τὸ
1061 1381 1134 1401 παι-

80 1430 105 1450 ‘25
119 1422 194 1453 δίον
218 1423 262 1459 ὡς
286 1421 412 1463 ἐκείνης
436 1422 625 1465 (ἀρκεῖσθαι
651 1423 712 1464 γὰρ
736 1427 780 1465 τῷ
802 1424 859 1463 ζῆν
882 1423 962 1454 αὐτὸ
987 1422 1040 1454 καὶ
1061 1421 1135 1463 βλέ-

119 1487 193 1507 πειν
216 1477 331 1516 μόνον,
355 1475 417 1507 κᾶν
441 1476 617 1516 ἀλλότριον
641 1475 751 1518 δοκῇ),
778 1480 836 1516 τῆς
860 1475 890 1507 δ’
917 1475 1028 1517 ἑτέρας
1053 1475 1134 1507 ἑτοί-

120 1540 187 1569 μως
202 1528 338 1569 ἐχούσης
358 1530 595 1570 διαιρούμενον
615 1530 700 1561 ἰδεῖν
720 1530 755 1560 τὸ
775 1529 910 1560 παιδίον
929 1528 983 1560 καὶ
1000 1528 1131 1569 προσέτι

120 1582 364 1622 βασανισθῆναι
393 1581 444 1613 καὶ
476 1582 579 1623 αὐτὴν
612 1582 783 1622 ἀξιούσης.
818 1583 902 1622 <33>
936 1582 953 1614 ὁ
981 1584 1135 1623 βασιλεὺς

121 1633 274 1674 ἐπιγνοὺς
302 1636 358 1673 τὰς
387 1634 549 1677 ἑκατέρων
577 1636 691 1677 φωνὰς
720 1635 783 1667 ἀπὸ
812 1640 869 1676 τῆς
897 1635 1056 1676 ἀληθείας
1084 1648 1133 1676 γε-

81 1695 107 1714 30
122 1687 310 1729 γενημένας,
333 1693 370 1730 τῇ
395 1687 456 1730 μὲν
476 1689 707 1730 ἀνακραγούσῃ
727 1690 763 1720 τὸ
783 1690 918 1720 παιδίον
939 1688 1134 1730 προσέκρινε

192 1751 206 1780 ἓ
226 1752 258 1775 29
279 1762 311 1771 =
332 1752 347 1775 3
362 1749 483 1782 Reg.1]1
500 1752 540 1775 21.
