1261 1917
83 640 108 659 10

84 905 106 924 15

569 73 692 98 οΓΔοΗ
1076 72 1090 101 1
1099 71 1139 102 79

125 166 198 196 ριον
220 157 342 195 πλῆρες
366 153 486 191 ὕδατος
514 153 532 194 ἢ
556 154 795 195 ποδόνιπτρον,
823 152 876 184 καὶ
906 158 949 196 τῷ
979 153 1139 196 δαιμονίῳ

124 206 340 248 προσέταττεν
368 205 487 244 ἐξιόντι
519 206 720 247 τάνθρώπου
753 205 843 237 ταῦτ’
876 205 1056 247 ἀνατρέψαι
1085 205 1139 237 καὶ

123 265 302 302 παρασχεῖν
327 259 507 299 ἐπιγνῶναι
532 265 600 296 τοῖς
625 259 748 300 ὁρῶσιν
772 259 821 290 ὅτι
843 258 1055 290 καταλέλοιπε
1081 261 1140 291 τὸν

123 314 313 353 ἄνθρωπον.
355 312 441 352 <49>
462 311 639 352 γινομένου
664 310 699 342 δὲ
724 312 844 342 τούτου
866 312 974 352 σαφὴς
995 312 1012 352 ἡ
1034 315 1139 343 Σολο-

123 371 231 407 μῶνος
250 366 429 396 καθίστατο
450 365 582 402 σύνεσις
601 364 654 396 καὶ
675 367 787 405 σοφία,
807 363 850 395 δι’
870 365 920 405 ἥν,
941 365 996 396 ἵνα
1014 371 1140 404 γνῶσιν

123 420 262 456 ἅπαντες
276 419 312 450 τὸ
328 421 502 459 μεγαλεῖον
517 418 620 449 αὐτοῦ
640 423 697 458 τῆς
712 419 844 458 φύσεως
860 417 913 449 καὶ
929 419 965 449 τὸ
981 417 1139 459 θεοφιλὲς

122 470 175 503 καὶ
199 472 287 513 λα’θῃ
311 470 436 512 μηδένα
465 477 531 502 τῶν
556 471 618 503 ὑπὸ
644 472 702 502 τὸν
729 471 822 511 ἥλιον
852 471 869 511 ἡ
894 476 952 502 τοῦ
977 470 1138 511 βασιλέως

121 523 195 566 περὶ
219 529 285 556 πᾶν
309 522 397 562 εἶδος
421 524 538 565 ἀρετῆς
567 525 747 565 ὑπερβολή,
775 523 850 565 περὶ
879 525 1005 555 τούτων
1035 525 1139 556 εἰπεῖν

121 579 344 619 προήχθημεν.

189 631 274 671 <50>
300 631 317 663 ὁ
342 629 379 662 δὲ
402 637 468 662 τῶν
495 633 626 672 Τυρίων
650 632 804 672 βασιλεὺς
823 632 971 672 Εἵραμος
996 631 1138 668 ἀκούσας

123 684 172 715 ὅτι
188 685 351 724 Σολομὼν
371 684 430 724 τὴν
448 689 507 715 τοῦ
526 685 649 725 πατρὸς
669 683 834 721 διεδέξατο
850 686 1021 725 βασιλείαν
1041 684 1138 725 ὑπερ-

123 738 210 777 ήσθη
242 736 354 779 (φίλος
382 738 444 778 γὰρ
474 737 630 778 ἐτύγχανε
660 742 703 780 τῷ
732 736 894 779 Δαυίδῃ),
927 736 979 768 καὶ
1009 737 1139 778 πέμψας

122 791 204 830 πρὸς
224 790 326 821 αὐτὸν
347 790 502 830 ἠσπάζετό
523 802 556 821 τε
576 789 628 821 καὶ
649 790 844 831 συνέχαιρεν
864 789 916 821 ἐπὶ
931 796 1000 827 τοῖς
1014 795 1138 831 παροῦ-

123 852 177 874 σιν
196 843 345 883 ἀγαθοῖς.
383 843 574 875 ἀποστέλλει
590 842 626 874 δὲ
641 845 723 884 πρὸς
738 843 840 874 αὐτὸν
855 843 1019 884 Σολομὼν
1036 843 1138 884 γροὲμη

121 908 205 937 ματα
225 896 390 936 δηλοῦντα
409 896 494 927 τάδε.
532 897 618 936 <51>
639 896 805 937 εβασιλεὺς
823 896 985 937 Σολομὼν
1001 896 1137 939 Εῐρτίμῳ

120 951 257 990 βασιλεῖ.
305 952 376 980 ἴσθι
400 960 465 990 μου
493 950 552 980 τὸν
577 948 701 990 πατέρα
726 948 936 990 βουληθέντα
960 958 1137 980 κατασκευ·

120 1003 195 1033 άσαι
220 1007 264 1044 τῷ
288 1005 356 1045 θεῷ
382 1003 463 1033 ναὸν
486 1002 550 1033 ὑπὸ
570 1008 637 1033 τῶν
656 1002 809 1043 πολέμων
828 1001 882 1033 καὶ
902 1008 968 1033 τῶν
989 1008 1138 1043 συνεχῶν

120 1061 299 1096 στρατειῶν
331 1054 572 1096 κεκωλυμένον·
609 1055 649 1086 οὐ
682 1056 744 1095 γὰρ
778 1054 942 1086 ἐπαύσατο
975 1057 1137 1096 πρότερον

120 1110 197 1145 τοὺς
221 1108 363 1150 ἐχθροὺς
387 1110 692 1149 καταστρεφόμενος
719 1107 799 1148 πρὶν
823 1107 842 1148 ’ἢ
866 1108 992 1146 πάντας
1016 1108 1137 1146 αὐτοὺς

121 1163 236 1202 φόρων
260 1162 429 1198 ὑποτελεῖς
453 1161 614 1202 ἐποίησεν.
662 1162 757 1202 <52>
786 1161 848 1201 ἐγὼ
879 1160 915 1192 δὲ
940 1162 1038 1203 χάριν
1062 1159 1137 1193 οἶόα

121 1219 164 1256 τῷ
189 1217 257 1257 θεῷ
282 1219 339 1255 τῆς
362 1215 530 1255 παρούσης
554 1216 696 1256 εἰρήνης,
720 1214 773 1245 καὶ
799 1215 853 1246 διὰ
878 1215 1000 1255 ταύτην
1024 1215 1137 1255 εὐσχο-

121 1270 189 1299 λῶν
209 1268 422 1309 οἰκοδομῆσαι
448 1273 490 1310 τῷ
510 1271 578 1310 θεῷ
603 1268 764 1309 βούλομαι
788 1268 847 1299 τὸν
866 1265 971 1299 οἶκον·
996 1267 1049 1299 καὶ
1075 1269 1137 1309 γὰρ

122 1320 171 1352 ἐπ’
203 1321 283 1362 ε’μοῦ
317 1325 434 1352 τοῦτον
468 1322 602 1352 ἔσεσθαι
638 1326 681 1363 τῷ
714 1323 815 1362 πατρί
841 1333 904 1362 μου
935 1327 1092 1363 προεῖπεν
1120 1321 1137 1352 ὁ

120 1376 208 1412 θεός.
256 1375 308 1405 διὸ
336 1377 513 1415 παρακαλῶ
547 1383 582 1405 σε
611 1373 802 1415 συμπέμψαι
831 1375 923 1411 τινας
950 1380 1019 1411 τοῖς
1048 1373 1138 1414 ἐμοῖς

96 1434 104 1438 ”
122 1428 169 1465 εἰς
193 1429 343 1468 Λίβανον
367 1428 403 1458 τὸ
428 1429 505 1468 ὅρος
528 1429 692 1465 κόψοντας
715 1427 808 1465 ξύλα·
837 1428 920 1468 πρὸς
948 1428 1010 1468 γὰρ
1034 1427 1138 1468 τομὴν

120 1480 201 1521 ὕλης
230 1480 544 1522 ἐπιστημονέστερον
573 1482 685 1521 ἔχουσι
718 1486 785 1511 τῶν
816 1479 984 1521 ἡμετέρων
1017 1481 1051 1511 οἱ
1078 1482 1137 1511 Σι-

121 1534 245 1565 δώνιοι.
292 1535 416 1575 μισθὸν
441 1533 471 1565 δ’
498 1534 538 1565 ὃν
566 1534 607 1565 ἂν
631 1534 745 1575 ὁρίσῃς
773 1533 836 1573 ε’γὼ
866 1539 934 1571 τοῖς
960 1534 1138 1575 ὑλουργοῖς

120 1587 269 1628 παρε’ξω.’

187 1640 272 1681 <53>
297 1640 462 1681 ἀναγνοὺς
487 1639 522 1672 δὲ
547 1641 606 1681 τὴν
627 1640 802 1681 ἐπιστολὴν
821 1640 968 1681 Εἴραμος
992 1638 1045 1670 καὶ
1068 1645 1136 1676 τοῖς
1157 1649 1171 1672 7

81 1700 107 1720 ⁸0
121 1693 371 1734 ἐπεσταλμένοις
390 1693 507 1733 ἡσθεὶς
526 1693 721 1735 ἀντιγράφει
741 1698 785 1736 τῷ
805 1695 993 1734 Σολομῶνι.
1031 1693 1136 1733 “βασι-

192 1759 205 1786 3·
225 1757 258 1780 50
278 1767 311 1776 Ξ
331 1757 346 1779 3
367 1754 434 1787 Reg.
455 1754 478 1780 V
496 1758 518 1781 1.

921 1798 971 1824 12*
