1261 1917
558 69 653 94 EKTH
1074 66 1117 98 35

101 150 243 193 μητέρα.’
268 150 321 182 καὶ
335 151 459 182 κελεύει
472 154 667 191 παραχρῆμα
681 149 782 180 αὐτὸν
794 147 829 179 ἐν
842 148 1024 188 Γαλγάλοις
1039 147 1117 179 ἀπο-

100 208 230 241 θανεῖν,
253 203 307 235 καὶ
327 204 425 240 αὐτὸς
445 202 475 234 δ’
498 204 544 240 εἰς
561 202 730 243 Ἀρμαθὰν
751 203 850 232 πόλιν
871 201 1117 232 ἀπαλλάττεται.

167 258 275 297 <156>
299 257 452 293 Σάουλος
476 255 506 287 δ’
529 256 546 287 ὁ
571 256 726 296 βασιλεὺς
750 255 952 294 αἰσθόμενος
975 251 1022 285 ὧν
1046 253 1115 291 (clm
1133 254 1152 285 8

100 312 274 350 πειραθείη
299 315 409 341 κακῶν
433 309 556 350 ἐχθρὸν
575 309 663 350 αὑτῷ
683 308 741 339 τὸν
760 307 843 338 θεὸν
862 306 1118 343 κατασκευάσας,

74 374 86 393 5
101 365 148 400 εἰς
172 365 208 394 τὸ
232 365 401 404 βασίλειον
425 362 597 403 ἀναβαίνει
624 362 715 401 Γαβᾶ
739 360 906 401 (σημαίνει
932 357 968 390 δὲ
992 360 1118 400 βουνὸν

101 415 366 458 ἑρμηνευόμενον
390 414 566 457 τοῦνομα),
597 413 650 446 καὶ
675 412 743 455 μετ’
771 413 900 453 ἐκείνην
924 411 1033 443 οὐκέτι
1058 411 1118 452 τὴν

102 469 226 511 ἡμέραν
241 471 288 506 εἰς
302 471 380 506 ὄψιν
396 470 522 510 ἔρχεται
543 473 587 511 τῷ
604 468 766 508 προφήτῃ.
805 467 914 507 <157>
930 466 1117 508 Σαμουήλῳ

101 521 137 554 δὲ
161 522 358 565 λυπουμένῳ
386 521 461 563 περὶ
490 522 593 553 αὐτοῦ
621 521 814 552 παύσασθαι
843 517 903 560 μὲν
933 524 991 559 τῆς
1014 530 1117 559 φρον-

101 578 191 614 τίδος
220 575 390 607 ἐκέλευσεν
418 576 435 607 ὁ
459 576 553 612 θεός,
585 575 720 615 λαβόντι
749 571 785 604 δὲ
814 573 850 604 τὸ
880 573 976 612 ἅγιον
1005 573 1118 603 ἔλαιον

63 640 86 658 10
101 631 148 666 εἰς
176 629 372 670 Βηθλεέμην
401 629 561 660 ἀπελθεῖν
594 629 692 658 πόλιν
721 627 803 667 πρὸς
829 625 987 656 Ἰεσσαῖον
1016 626 1118 656 παῖδα

98 681 250 723 Ὠβήδου..
273 681 327 713 καὶ
351 688 461 722 χρῖσαι
482 687 548 712 τῶν
567 681 651 711 υῐῶν
676 680 778 711 αὐτοῦ
798 679 837 710 ὃν
861 678 902 709 ἂν
926 678 1025 715 αὐτὸς
1049 677 1117 709 ἐπι-

101 735 190 776 δείξῃ
219 734 355 776 βασιλέα
383 735 613 775 γενησόμενον.
661 733 677 764 ὃ
708 731 738 763 δ’
766 732 980 773 εὐλαβεῖσθαι
1010 732 1119 772 φήσας

101 789 143 829 μὴ
168 793 265 819 τοῦτο
289 788 409 829 μαθὼν
433 787 585 824 Σάουλος
609 785 708 827 ἀνέλῃ
733 786 873 826 λοχήσας
894 784 996 815 αὐτὸν
1020 783 1039 824 ἢ
1062 782 1118 815 καὶ

102 847 264 882 φανερῶς,
288 839 499 881 ὑποθεμένου
525 844 583 870 τοῦ
607 842 691 870 θεοῦ
715 837 769 869 καὶ
794 838 911 874 δόντος
935 836 1119 877 ἀσφαλείας

63 904 86 923 15
102 895 182 926 ὁδὸν
216 891 292 934 ἧκεν
325 895 372 930 εἰς
404 893 464 933 τὴν
496 891 738 933 προειρημένην
768 892 875 922 πόλιν.
929 890 1038 930 <158>
1062 889 1116 921 καὶ

100 947 218 984 πάντες
238 947 339 977 αὐτὸν
358 946 540 986 ἠσπάζοντό
563 956 596 976 τε
616 943 669 975 καὶ
690 944 750 984 τὴν
770 945 880 975 αἰτίαν
899 947 956 983 τῆς
975 942 1118 983 ἀφίξεως

99 1000 286 1040 ἀνηρώτων.
330 1000 419 1039 ἔλεγε
439 997 470 1029 δ’
493 999 585 1038 ἥκειν
605 998 659 1028 ἵνα
679 997 768 1037 θύσῃ
792 1001 836 1039 τῷ
861 999 938 1039 θεῷ.
978 997 1118 1036 ποιήσας

99 1050 160 1084 οὖν
184 1053 244 1093 τὴν
268 1054 404 1089 θυσίαν,
427 1055 522 1083 καλεῖ
544 1052 603 1082 τὸν
625 1050 783 1081 Ἰεσσαῖον
803 1049 882 1090 μετὰ
902 1055 968 1080 τῶν
992 1048 1117 1080 τέκνων

99 1105 151 1138 ε’πὶ
175 1107 213 1137 τὰ
238 1106 351 1146 ἱερεῖα,
374 1104 427 1136 καὶ
452 1104 658 1145 θεασάμενος
682 1103 785 1134 αὐτοῦ
808 1103 867 1133 τὸν
888 1103 1116 1143 πρεσβύτατον

60 1168 85 1187 20
98 1165 165 1191 τῶν
184 1160 268 1190 υίῶν
283 1158 446 1200 εὐμεγέθη
466 1157 519 1189 καὶ
536 1159 648 1195 καλόν,
664 1159 794 1187 εἴκασεν
810 1155 844 1187 ἐκ
860 1160 917 1196 τῆς
932 1155 1116 1196 εὐμορφίας

98 1217 216 1243 τοῦτον
236 1209 321 1243 εἶναι
341 1212 399 1243 τὸν
423 1210 584 1252 με’λλοντα
605 1210 802 1251 βασιλεύειν.
849 1208 957 1248 <159>
978 1209 1115 1249 διαμαρ-

98 1265 187 1296 τάνει
216 1263 251 1296 δὲ
281 1269 338 1304 τῆς
370 1268 429 1295 τοῦ
459 1267 543 1295 θεοῦ
575 1264 747 1303 προνοιάς”
782 1261 1024 1302 ἐπερωτήσαντι
1053 1262 1114 1303 γὰρ

98 1319 199 1350 αὐτὸν
223 1319 253 1349 εἰ
275 1319 380 1358 χρίσει
404 1322 448 1360 τῷ
473 1317 570 1360 ἐλαίῳ
595 1317 654 1347 τὸν
674 1317 848 1347 νεανίσκον
867 1315 907 1346 ὃν
927 1314 1025 1351 αὐτὸς
1049 1314 1114 1346 ἐτε-

98 1372 261 1412 θαυμάκει
290 1370 343 1402 καὶ
368 1375 425 1410 τῆς
454 1371 622 1411 βασιλείας
650 1369 743 1406 ἄξιον
771 1370 915 1409 ἔκρινεν,
945 1368 985 1399 οὐ
1013 1368 1115 1399 ταύτὰ

60 1433 84 1452 25
98 1424 231 1466 βλέπειν
260 1424 461 1464 ἀνθρώπους
490 1420 559 1454 εἶπε
587 1421 641 1453 καὶ
670 1423 762 1453 θεόν.
809 1422 917 1461 (160)
945 1420 1045 1452 τἀλλὰ
1073 1423 1115 1452 σὺ

99 1477 158 1519 μὲν
177 1479 224 1515 εἰς
243 1478 279 1508 τὸ
299 1477 419 1514 κάλλος
438 1476 566 1507 ἀπιδὼν
581 1480 640 1507 τοῦ
656 1476 842 1509 νεανίσκου,
862 1473 916 1505 καὶ
939 1474 980 1514 δὴ
995 1478 1115 1505 τοῦτον

100 1531 172 1572 ἡγεῖ
193 1531 286 1569 ἄξιον
310 1534 369 1561 τοῦ
394 1530 582 1570 βασιλεύειν
607 1526 706 1565 εἶναι,
736 1527 798 1568 ἐγὼ
828 1526 857 1558 δ’
884 1527 924 1558 οὐ
953 1527 1114 1568 σωμάτων

100 1584 281 1625 εὐμορφίας
300 1584 449 1614 ἔπαθλον
465 1587 623 1623 ποιοῦμαι
638 1582 698 1622 τὴν
713 1582 884 1622 βασιλείαν
899 1580 982 1612 ἀλλὰ
996 1586 1113 1621 ψυχῶν

100 1637 228 1678 ἀρετῆς,
256 1635 310 1668 καὶ
339 1637 419 1676 ζητῶ
445 1636 533 1672 ὅστις
556 1636 678 1675 ταύτην
703 1633 770 1666 ἐστὶ
799 1633 916 1670 τελέως
940 1633 1112 1674 εὐπρεπής,

62 1697 87 1716 ³0
102 1690 247 1732 εὐσεβείᾳ
270 1688 324 1720 καὶ
349 1689 543 1729 δικαιοσύνῃ
562 1687 617 1719 καὶ
636 1688 773 1729 ἀνδρεία
792 1686 845 1718 καὶ
865 1690 988 1723 πειθοῖ,
1013 1686 1044 1724 ἐξ
1065 1684 1112 1718 ὧν

172 1753 185 1782 ἓ
203 1754 252 1777 156
274 1764 306 1772 =
328 1754 340 1776 1
357 1749 425 1775 Rev.
445 1749 494 1775 XV
510 1752 552 1774 34.

916 1791 950 1816 3*
