<?xml version="1.0" encoding="UTF-8"?>
<!DOCTYPE html PUBLIC "-//W3C//DTD XHTML 1.0 Transitional//EN"
    "http://www.w3.org/TR/xhtml1/DTD/xhtml1-transitional.dtd">
<html xmlns="http://www.w3.org/1999/xhtml" xml:lang="en" lang="en">
 <head>
  <title>
</title>
<meta http-equiv="Content-Type" content="text/html;charset=utf-8" />
  <meta name='ocr-system' content='tesseract 3.04.00' />
  <meta name='ocr-capabilities' content='ocr_page ocr_carea ocr_par ocr_line ocrx_word'/>
</head>
<body>
  <div class='ocr_page' id='page_1' title='image "./flaviiiosephiope02joseuoft_0050.png"; bbox 0 0 1261 1917; ppageno 0'>
   <div class='ocr_carea' id='block_1_1' title="bbox 149 66 789 97">
    <p class='ocr_par' dir='ltr' id='par_1_1' title="bbox 149 66 789 97">
     <span class='ocr_line' id='line_1_1' title="bbox 149 66 789 97; baseline 0.005 -7"><span class='ocrx_word' id='word_1_1' title='bbox 149 66 170 97; x_wconf 80' lang='lat'><strong><em>2</em></strong></span> <span class='ocrx_word' id='word_1_2' title='bbox 518 68 789 93; x_wconf 82' lang='grc' dir='ltr'>ΑΡΧΑΙΟΛΟΓΙΑΣ</span> 
     </span>
    </p>
   </div>
   <div class='ocr_carea' id='block_1_2' title="bbox 114 146 1203 1768">
    <p class='ocr_par' dir='ltr' id='par_1_2' title="bbox 144 146 1197 1137">
     <span class='ocr_line' id='line_1_2' title="bbox 151 146 1159 190; baseline 0.003 -13"><span class='ocrx_word' id='word_1_3' title='bbox 151 148 220 187; x_wconf 83' lang='grc' dir='ltr'><em>[τῆς</em></span> <span class='ocrx_word' id='word_1_4' title='bbox 244 147 316 187; x_wconf 80' lang='grc' dir='ltr'><em>γῆς]</em></span> <span class='ocrx_word' id='word_1_5' title='bbox 341 146 537 188; x_wconf 74' lang='grc' dir='ltr'><em>κατέβλαψε,</em></span> <span class='ocrx_word' id='word_1_6' title='bbox 566 149 644 188; x_wconf 84' lang='grc' dir='ltr'><em>μήτε</em></span> <span class='ocrx_word' id='word_1_7' title='bbox 673 154 787 188; x_wconf 84' lang='grc' dir='ltr'><em>φυτῶν</em></span> <span class='ocrx_word' id='word_1_8' title='bbox 815 149 893 189; x_wconf 82' lang='grc' dir='ltr'><em>μήτε</em></span> <span class='ocrx_word' id='word_1_9' title='bbox 921 155 1054 190; x_wconf 81' lang='grc' dir='ltr'><em>καρπῶν</em></span> <span class='ocrx_word' id='word_1_10' title='bbox 1080 149 1159 180; x_wconf 82' lang='grc' dir='ltr'><em>ἀπο-</em></span> 
     </span>
     <span class='ocr_line' id='line_1_3' title="bbox 150 199 1161 240; baseline 0.004 -10"><span class='ocrx_word' id='word_1_11' title='bbox 150 200 318 240; x_wconf 87' lang='grc' dir='ltr'><em>σχόμενον.</em></span> <span class='ocrx_word' id='word_1_12' title='bbox 365 199 429 239; x_wconf 82' lang='grc'><em>&lt;4&gt;</em></span> <span class='ocrx_word' id='word_1_13' title='bbox 461 199 497 231; x_wconf 83' lang='grc' dir='ltr'><em>ἐν</em></span> <span class='ocrx_word' id='word_1_14' title='bbox 530 201 569 240; x_wconf 85' lang='grc' dir='ltr'><em>δὴ</em></span> <span class='ocrx_word' id='word_1_15' title='bbox 598 201 726 238; x_wconf 80' lang='grc' dir='ltr'><em>τούτοις</em></span> <span class='ocrx_word' id='word_1_16' title='bbox 759 202 851 238; x_wconf 81' lang='grc' dir='ltr'><em>ὄντες</em></span> <span class='ocrx_word' id='word_1_17' title='bbox 883 207 951 238; x_wconf 85' lang='grc' dir='ltr'><em>τοῖς</em></span> <span class='ocrx_word' id='word_1_18' title='bbox 983 208 1094 239; x_wconf 78' lang='grc' dir='ltr'><em>κακοῖς</em></span> <span class='ocrx_word' id='word_1_19' title='bbox 1127 203 1161 234; x_wconf 77' lang='grc' dir='ltr'><em>οἱ</em></span> 
     </span>
     <span class='ocr_line' id='line_1_4' title="bbox 147 250 1157 295; baseline 0.003 -12"><span class='ocrx_word' id='word_1_20' title='bbox 147 250 288 289; x_wconf 77' lang='grc' dir='ltr'><em>Ἀζώτιοι</em></span> <span class='ocrx_word' id='word_1_21' title='bbox 310 251 363 283; x_wconf 81' lang='grc' dir='ltr'><em>καὶ</em></span> <span class='ocrx_word' id='word_1_22' title='bbox 383 254 464 293; x_wconf 86' lang='grc' dir='ltr'><em>πρὸς</em></span> <span class='ocrx_word' id='word_1_23' title='bbox 483 253 540 290; x_wconf 78' lang='grc' dir='ltr'><em>τὰς</em></span> <span class='ocrx_word' id='word_1_24' title='bbox 560 254 732 294; x_wconf 76' lang='grc' dir='ltr'><em>συμφορὰς</em></span> <span class='ocrx_word' id='word_1_25' title='bbox 751 253 899 294; x_wconf 77' lang='grc' dir='ltr'><em>ἀντέχειν</em></span> <span class='ocrx_word' id='word_1_26' title='bbox 919 254 958 285; x_wconf 88' lang='grc' dir='ltr'><em>οὐ</em></span> <span class='ocrx_word' id='word_1_27' title='bbox 978 254 1157 295; x_wconf 76' lang='grc' dir='ltr'><em>δυνάμενοι</em></span> 
     </span>
     <span class='ocr_line' id='line_1_5' title="bbox 149 305 1157 347; baseline 0.002 -11"><span class='ocrx_word' id='word_1_28' title='bbox 149 310 295 346; x_wconf 78' lang='grc' dir='ltr'><em>συνῆκαν</em></span> <span class='ocrx_word' id='word_1_29' title='bbox 319 305 353 336; x_wconf 83' lang='grc' dir='ltr'><em>ἐκ</em></span> <span class='ocrx_word' id='word_1_30' title='bbox 376 310 432 346; x_wconf 82' lang='grc' dir='ltr'><em>τῆς</em></span> <span class='ocrx_word' id='word_1_31' title='bbox 455 308 597 347; x_wconf 79' lang='grc' dir='ltr'><em>κιβωτοῦ</em></span> <span class='ocrx_word' id='word_1_32' title='bbox 621 307 740 343; x_wconf 84' lang='grc' dir='ltr'><em>ταύτας</em></span> <span class='ocrx_word' id='word_1_33' title='bbox 768 306 879 343; x_wconf 85' lang='grc' dir='ltr'><em>αὐτοῖς</em></span> <span class='ocrx_word' id='word_1_34' title='bbox 907 306 1075 347; x_wconf 78' lang='grc' dir='ltr'><em>ἀνασχεῖν,</em></span> <span class='ocrx_word' id='word_1_35' title='bbox 1103 306 1157 338; x_wconf 81' lang='grc' dir='ltr'><em>καὶ</em></span> 
     </span>
     <span class='ocr_line' id='line_1_6' title="bbox 148 357 1184 402; baseline 0 -13"><span class='ocrx_word' id='word_1_36' title='bbox 148 358 207 398; x_wconf 87' lang='grc' dir='ltr'><em>τὴν</em></span> <span class='ocrx_word' id='word_1_37' title='bbox 230 360 326 398; x_wconf 93' lang='grc' dir='ltr'><em>νίκην</em></span> <span class='ocrx_word' id='word_1_38' title='bbox 350 357 403 390; x_wconf 79' lang='grc' dir='ltr'><em>καὶ</em></span> <span class='ocrx_word' id='word_1_39' title='bbox 422 359 483 398; x_wconf 80' lang='grc' dir='ltr'><em>τὴν</em></span> <span class='ocrx_word' id='word_1_40' title='bbox 506 360 624 399; x_wconf 87' lang='grc' dir='ltr'><em>ταύτης</em></span> <span class='ocrx_word' id='word_1_41' title='bbox 644 360 869 400; x_wconf 75' lang='grc' dir='ltr'><em>αἰχμαλωσίαν</em></span> <span class='ocrx_word' id='word_1_42' title='bbox 890 359 950 390; x_wconf 87' lang='grc' dir='ltr'><em>οὐκ</em></span> <span class='ocrx_word' id='word_1_43' title='bbox 970 358 1018 390; x_wconf 82' lang='grc' dir='ltr'><em>ἐπ’</em></span> <span class='ocrx_word' id='word_1_44' title='bbox 1041 359 1156 402; x_wconf 74' lang='grc' dir='ltr'><em>ἀγαθῷ</em></span> <span class='ocrx_word' id='word_1_45' title='bbox 1172 370 1184 389; x_wconf 84' lang='grc'>5</span> 
     </span>
     <span class='ocr_line' id='line_1_7' title="bbox 147 409 1157 453; baseline 0.002 -12"><span class='ocrx_word' id='word_1_46' title='bbox 147 410 376 452; x_wconf 75' lang='grc' dir='ltr'><em>γεγενημένην.</em></span> <span class='ocrx_word' id='word_1_47' title='bbox 422 411 607 452; x_wconf 75' lang='grc' dir='ltr'><em>πέμπουσιν</em></span> <span class='ocrx_word' id='word_1_48' title='bbox 631 409 692 442; x_wconf 80' lang='grc' dir='ltr'><em>οὖν</em></span> <span class='ocrx_word' id='word_1_49' title='bbox 713 413 794 453; x_wconf 88' lang='grc' dir='ltr'><em>πρὸς</em></span> <span class='ocrx_word' id='word_1_50' title='bbox 818 413 894 449; x_wconf 81' lang='grc' dir='ltr'><em>τοὺς</em></span> <span class='ocrx_word' id='word_1_51' title='bbox 912 411 1157 453; x_wconf 76' lang='grc' dir='ltr'><em>Ἀσκαλωνίτας,</em></span> 
     </span>
     <span class='ocr_line' id='line_1_8' title="bbox 147 463 1157 505; baseline 0.002 -11"><span class='ocrx_word' id='word_1_52' title='bbox 147 463 315 501; x_wconf 77' lang='grc' dir='ltr'><em>ἀξιοῦντες</em></span> <span class='ocrx_word' id='word_1_53' title='bbox 347 464 407 504; x_wconf 85' lang='grc' dir='ltr'><em>τὴν</em></span> <span class='ocrx_word' id='word_1_54' title='bbox 438 465 580 505; x_wconf 85' lang='grc' dir='ltr'><em>κιβωτὸν</em></span> <span class='ocrx_word' id='word_1_55' title='bbox 613 465 733 501; x_wconf 84' lang='grc' dir='ltr'><em>αὐτοὺς</em></span> <span class='ocrx_word' id='word_1_56' title='bbox 761 465 848 505; x_wconf 78' lang='grc' dir='ltr'><em>παρὰ</em></span> <span class='ocrx_word' id='word_1_57' title='bbox 877 469 962 505; x_wconf 84' lang='grc' dir='ltr'><em>σφᾶς</em></span> <span class='ocrx_word' id='word_1_58' title='bbox 990 464 1157 503; x_wconf 78' lang='grc' dir='ltr'><em>δέξασθαι.</em></span> 
     </span>
     <span class='ocr_line' id='line_1_9' title="bbox 146 515 1157 558; baseline 0.002 -11"><span class='ocrx_word' id='word_1_59' title='bbox 146 516 208 555; x_wconf 79' lang='grc'><em>&lt;5&gt;</em></span> <span class='ocrx_word' id='word_1_60' title='bbox 232 521 301 553; x_wconf 90' lang='grc' dir='ltr'><em>τοῖς</em></span> <span class='ocrx_word' id='word_1_61' title='bbox 330 515 359 547; x_wconf 82' lang='grc' dir='ltr'><em>δ’</em></span> <span class='ocrx_word' id='word_1_62' title='bbox 387 516 446 547; x_wconf 84' lang='grc' dir='ltr'><em>οὐκ</em></span> <span class='ocrx_word' id='word_1_63' title='bbox 470 516 572 557; x_wconf 76' lang='grc' dir='ltr'><em>ἀηδὴς</em></span> <span class='ocrx_word' id='word_1_64' title='bbox 601 517 620 557; x_wconf 80' lang='grc' dir='ltr'>ἡ</span> <span class='ocrx_word' id='word_1_65' title='bbox 649 523 715 548; x_wconf 87' lang='grc' dir='ltr'><em>τῶν</em></span> <span class='ocrx_word' id='word_1_66' title='bbox 736 516 894 555; x_wconf 78' lang='grc' dir='ltr'><em>Ἀζωτίων</em></span> <span class='ocrx_word' id='word_1_67' title='bbox 923 517 1032 558; x_wconf 80' lang='grc' dir='ltr'><em>δέησις</em></span> <span class='ocrx_word' id='word_1_68' title='bbox 1057 526 1157 558; x_wconf 86' lang='grc' dir='ltr'><em>προσ-</em></span> 
     </span>
     <span class='ocr_line' id='line_1_10' title="bbox 147 568 1156 611; baseline 0.001 -11"><span class='ocrx_word' id='word_1_69' title='bbox 147 568 271 608; x_wconf 84' lang='grc' dir='ltr'><em>έπεσεν,</em></span> <span class='ocrx_word' id='word_1_70' title='bbox 295 568 366 600; x_wconf 79' lang='grc' dir='ltr'><em>ἀλλ’</em></span> <span class='ocrx_word' id='word_1_71' title='bbox 394 568 581 600; x_wconf 84' lang='grc' dir='ltr'><em>ἐπινεύουσι</em></span> <span class='ocrx_word' id='word_1_72' title='bbox 606 568 666 610; x_wconf 72' lang='grc' dir='ltr'><em>μὲν</em></span> <span class='ocrx_word' id='word_1_73' title='bbox 689 570 801 607; x_wconf 83' lang='grc' dir='ltr'><em>αὐτοῖς</em></span> <span class='ocrx_word' id='word_1_74' title='bbox 824 570 884 610; x_wconf 83' lang='grc' dir='ltr'><em>τὴν</em></span> <span class='ocrx_word' id='word_1_75' title='bbox 907 570 1014 611; x_wconf 82' lang='grc' dir='ltr'><em>χάριν,</em></span> <span class='ocrx_word' id='word_1_76' title='bbox 1039 571 1156 611; x_wconf 82' lang='grc' dir='ltr'><em>λαβόν-</em></span> 
     </span>
     <span class='ocr_line' id='line_1_11' title="bbox 146 620 1197 663; baseline 0.002 -11"><span class='ocrx_word' id='word_1_77' title='bbox 146 633 197 658; x_wconf 85' lang='grc' dir='ltr'><em>τες</em></span> <span class='ocrx_word' id='word_1_78' title='bbox 217 620 253 652; x_wconf 75' lang='grc' dir='ltr'><em>δὲ</em></span> <span class='ocrx_word' id='word_1_79' title='bbox 272 621 332 661; x_wconf 86' lang='grc' dir='ltr'><em>τὴν</em></span> <span class='ocrx_word' id='word_1_80' title='bbox 350 623 492 662; x_wconf 82' lang='grc' dir='ltr'><em>κιβωτὸν</em></span> <span class='ocrx_word' id='word_1_81' title='bbox 512 621 547 653; x_wconf 82' lang='grc' dir='ltr'><em>ἐν</em></span> <span class='ocrx_word' id='word_1_82' title='bbox 565 628 635 659; x_wconf 91' lang='grc' dir='ltr'><em>τοῖς</em></span> <span class='ocrx_word' id='word_1_83' title='bbox 654 623 780 663; x_wconf 83' lang='grc' dir='ltr'><em>ὁμοίοις</em></span> <span class='ocrx_word' id='word_1_84' title='bbox 799 623 921 660; x_wconf 77' lang='grc' dir='ltr'><em>δεινοῖς</em></span> <span class='ocrx_word' id='word_1_85' title='bbox 942 622 1154 663; x_wconf 75' lang='grc' dir='ltr'><em>κατέστησαν·</em></span> <span class='ocrx_word' id='word_1_86' title='bbox 1172 632 1197 650; x_wconf 83' lang='grc'><em>10</em></span> 
     </span>
     <span class='ocr_line' id='line_1_12' title="bbox 147 674 1154 716; baseline 0.001 -11"><span class='ocrx_word' id='word_1_87' title='bbox 147 674 374 714; x_wconf 80' lang='grc' dir='ltr'><em>συνεξεκόμισε</em></span> <span class='ocrx_word' id='word_1_88' title='bbox 403 675 463 715; x_wconf 75' lang='grc' dir='ltr'><em>γὰρ</em></span> <span class='ocrx_word' id='word_1_89' title='bbox 493 675 573 715; x_wconf 77' lang='grc' dir='ltr'><em>αὑτῇ</em></span> <span class='ocrx_word' id='word_1_90' title='bbox 601 676 639 706; x_wconf 79' lang='grc' dir='ltr'><em>τὰ</em></span> <span class='ocrx_word' id='word_1_91' title='bbox 667 681 733 706; x_wconf 89' lang='grc' dir='ltr'><em>τῶν</em></span> <span class='ocrx_word' id='word_1_92' title='bbox 757 674 914 713; x_wconf 81' lang='grc' dir='ltr'><em>Ἀζωτίων</em></span> <span class='ocrx_word' id='word_1_93' title='bbox 943 675 974 715; x_wconf 80' lang='grc' dir='ltr'><em>[ἡ</em></span> <span class='ocrx_word' id='word_1_94' title='bbox 1003 676 1154 716; x_wconf 86' lang='grc' dir='ltr'><em>κιβωτὸς]</em></span> 
     </span>
     <span class='ocr_line' id='line_1_13' title="bbox 145 726 1155 768; baseline 0.001 -10"><span class='ocrx_word' id='word_1_95' title='bbox 145 727 236 767; x_wconf 80' lang='grc' dir='ltr'><em>πάθη</em></span> <span class='ocrx_word' id='word_1_96' title='bbox 264 728 346 768; x_wconf 91' lang='grc' dir='ltr'><em>πρὸς</em></span> <span class='ocrx_word' id='word_1_97' title='bbox 374 728 450 764; x_wconf 85' lang='grc' dir='ltr'><em>τοὺς</em></span> <span class='ocrx_word' id='word_1_98' title='bbox 478 726 532 758; x_wconf 82' lang='grc' dir='ltr'><em>ἀπ’</em></span> <span class='ocrx_word' id='word_1_99' title='bbox 560 727 693 758; x_wconf 83' lang='grc' dir='ltr'><em>ἐκείνων</em></span> <span class='ocrx_word' id='word_1_100' title='bbox 721 728 824 768; x_wconf 83' lang='grc' dir='ltr'><em>αὐτὴν</em></span> <span class='ocrx_word' id='word_1_101' title='bbox 851 727 1056 768; x_wconf 78' lang='grc' dir='ltr'><em>δεχομένους.</em></span> <span class='ocrx_word' id='word_1_102' title='bbox 1102 727 1155 759; x_wconf 78' lang='grc' dir='ltr'><em>καὶ</em></span> 
     </span>
     <span class='ocr_line' id='line_1_14' title="bbox 145 779 1155 822; baseline 0 -11"><span class='ocrx_word' id='word_1_103' title='bbox 145 781 226 821; x_wconf 85' lang='grc' dir='ltr'><em>πρὸς</em></span> <span class='ocrx_word' id='word_1_104' title='bbox 254 780 374 817; x_wconf 71' lang='grc' dir='ltr'><em>ἄλλους</em></span> <span class='ocrx_word' id='word_1_105' title='bbox 402 779 479 821; x_wconf 85' lang='grc' dir='ltr'><em>παρ’</em></span> <span class='ocrx_word' id='word_1_106' title='bbox 506 780 616 811; x_wconf 80' lang='grc' dir='ltr'><em>αὐτῶν</em></span> <span class='ocrx_word' id='word_1_107' title='bbox 644 780 894 822; x_wconf 81' lang='grc' dir='ltr'><em>ἀποπέμπουσιν</em></span> <span class='ocrx_word' id='word_1_108' title='bbox 915 779 1155 812; x_wconf 78' lang='grc' dir='ltr'><em>Ἀσκαλωνῖται.</em></span> 
     </span>
     <span class='ocr_line' id='line_1_15' title="bbox 145 830 1186 874; baseline 0.002 -12"><span class='ocrx_word' id='word_1_109' title='bbox 145 833 207 873; x_wconf 78' lang='grc'><em>&lt;6&gt;</em></span> <span class='ocrx_word' id='word_1_110' title='bbox 232 832 323 873; x_wconf 83' lang='grc' dir='ltr'><em>μένει</em></span> <span class='ocrx_word' id='word_1_111' title='bbox 348 832 377 863; x_wconf 79' lang='grc' dir='ltr'><em>δ’</em></span> <span class='ocrx_word' id='word_1_112' title='bbox 405 831 483 864; x_wconf 70' lang='grc' dir='ltr'><em>οὐδὲ</em></span> <span class='ocrx_word' id='word_1_113' title='bbox 506 832 583 874; x_wconf 84' lang='grc' dir='ltr'><em>παρ’</em></span> <span class='ocrx_word' id='word_1_114' title='bbox 609 832 758 870; x_wconf 84' lang='grc' dir='ltr'><em>ἐκείνοις·</em></span> <span class='ocrx_word' id='word_1_115' title='bbox 783 834 846 865; x_wconf 85' lang='grc' dir='ltr'><em>ὑπὸ</em></span> <span class='ocrx_word' id='word_1_116' title='bbox 871 834 932 874; x_wconf 75' lang='grc' dir='ltr'><em>γὰρ</em></span> <span class='ocrx_word' id='word_1_117' title='bbox 957 839 1022 865; x_wconf 85' lang='grc' dir='ltr'><em>τῶν</em></span> <span class='ocrx_word' id='word_1_118' title='bbox 1047 833 1155 864; x_wconf 86' lang='grc' dir='ltr'><em>αὐτῶν</em></span> <span class='ocrx_word' id='word_1_119' title='bbox 1180 830 1186 835; x_wconf 59' lang='lat'><em>⁷</em></span> 
     </span>
     <span class='ocr_line' id='line_1_16' title="bbox 144 885 1195 927; baseline 0.001 -11"><span class='ocrx_word' id='word_1_120' title='bbox 144 888 264 916; x_wconf 78' lang='grc' dir='ltr'><em>παθῶν</em></span> <span class='ocrx_word' id='word_1_121' title='bbox 289 885 502 926; x_wconf 77' lang='grc' dir='ltr'><em>ἐλαυνόμενοι</em></span> <span class='ocrx_word' id='word_1_122' title='bbox 525 887 606 927; x_wconf 86' lang='grc' dir='ltr'><em>πρὸς</em></span> <span class='ocrx_word' id='word_1_123' title='bbox 630 887 687 923; x_wconf 77' lang='grc' dir='ltr'><em>τὰς</em></span> <span class='ocrx_word' id='word_1_124' title='bbox 711 885 866 927; x_wconf 78' lang='grc' dir='ltr'><em>ἐχομένας</em></span> <span class='ocrx_word' id='word_1_125' title='bbox 892 886 1073 918; x_wconf 77' lang='grc' dir='ltr'><em>ἀπολύουσι</em></span> <span class='ocrx_word' id='word_1_126' title='bbox 1097 887 1154 917; x_wconf 84' lang='grc' dir='ltr'><em>πό-</em></span> <span class='ocrx_word' id='word_1_127' title='bbox 1171 895 1195 914; x_wconf 77' lang='lat'><em>15</em></span> 
     </span>
     <span class='ocr_line' id='line_1_17' title="bbox 145 937 1155 980; baseline 0.001 -11"><span class='ocrx_word' id='word_1_128' title='bbox 145 941 220 975; x_wconf 81' lang='grc' dir='ltr'><em>λεις.</em></span> <span class='ocrx_word' id='word_1_129' title='bbox 267 937 319 969; x_wconf 87' lang='grc' dir='ltr'><em>καὶ</em></span> <span class='ocrx_word' id='word_1_130' title='bbox 344 942 463 970; x_wconf 89' lang='grc' dir='ltr'><em>τοῦτον</em></span> <span class='ocrx_word' id='word_1_131' title='bbox 487 938 724 980; x_wconf 78' lang='grc' dir='ltr'><em>ἐκπεριέρχεται</em></span> <span class='ocrx_word' id='word_1_132' title='bbox 753 940 810 970; x_wconf 87' lang='grc' dir='ltr'><em>τὸν</em></span> <span class='ocrx_word' id='word_1_133' title='bbox 834 940 956 980; x_wconf 86' lang='grc' dir='ltr'><em>τρόπον</em></span> <span class='ocrx_word' id='word_1_134' title='bbox 980 940 1036 976; x_wconf 80' lang='grc' dir='ltr'><em>τὰς</em></span> <span class='ocrx_word' id='word_1_135' title='bbox 1059 938 1155 970; x_wconf 86' lang='grc' dir='ltr'><em>πέντε</em></span> 
     </span>
     <span class='ocr_line' id='line_1_18' title="bbox 145 991 1155 1032; baseline 0 -10"><span class='ocrx_word' id='word_1_136' title='bbox 145 997 210 1022; x_wconf 85' lang='grc' dir='ltr'><em>τῶν</em></span> <span class='ocrx_word' id='word_1_137' title='bbox 242 993 475 1022; x_wconf 77' lang='grc' dir='ltr'><em>Παλαιστινῶν</em></span> <span class='ocrx_word' id='word_1_138' title='bbox 507 992 617 1028; x_wconf 82' lang='grc' dir='ltr'><em>πόλεις</em></span> <span class='ocrx_word' id='word_1_139' title='bbox 650 991 668 1031; x_wconf 83' lang='grc' dir='ltr'>ἡ</span> <span class='ocrx_word' id='word_1_140' title='bbox 702 993 853 1032; x_wconf 80' lang='grc' dir='ltr'><em>κιβωτός,</em></span> <span class='ocrx_word' id='word_1_141' title='bbox 887 991 995 1031; x_wconf 79' lang='grc' dir='ltr'><em>ὥσπερ</em></span> <span class='ocrx_word' id='word_1_142' title='bbox 1029 992 1155 1032; x_wconf 80' lang='grc' dir='ltr'><em>δασμὸν</em></span> 
     </span>
     <span class='ocr_line' id='line_1_19' title="bbox 144 1043 1152 1085; baseline -0.001 -10"><span class='ocrx_word' id='word_1_143' title='bbox 144 1044 327 1075; x_wconf 77' lang='grc' dir='ltr'><em>ἀπαιτοῦσα</em></span> <span class='ocrx_word' id='word_1_144' title='bbox 350 1043 426 1085; x_wconf 84' lang='grc' dir='ltr'><em>παρ’</em></span> <span class='ocrx_word' id='word_1_145' title='bbox 449 1043 583 1084; x_wconf 80' lang='grc' dir='ltr'><em>ἑκάστης</em></span> <span class='ocrx_word' id='word_1_146' title='bbox 607 1049 665 1075; x_wconf 89' lang='grc' dir='ltr'><em>τοῦ</em></span> <span class='ocrx_word' id='word_1_147' title='bbox 690 1045 771 1085; x_wconf 85' lang='grc' dir='ltr'><em>πρὸς</em></span> <span class='ocrx_word' id='word_1_148' title='bbox 795 1044 894 1080; x_wconf 75' lang='grc' dir='ltr'><em>αὐτὰς</em></span> <span class='ocrx_word' id='word_1_149' title='bbox 919 1043 1041 1081; x_wconf 78' lang='grc' dir='ltr'><em>ἐλθεῖν,</em></span> <span class='ocrx_word' id='word_1_150' title='bbox 1065 1043 1084 1074; x_wconf 76' lang='grc' dir='ltr'><em>ἃ</em></span> <span class='ocrx_word' id='word_1_151' title='bbox 1109 1043 1152 1074; x_wconf 84' lang='grc' dir='ltr'><em>δι’</em></span> 
     </span>
     <span class='ocr_line' id='line_1_20' title="bbox 144 1097 424 1137; baseline 0.004 -10"><span class='ocrx_word' id='word_1_152' title='bbox 144 1097 248 1136; x_wconf 84' lang='grc' dir='ltr'><em>αὐτὴν</em></span> <span class='ocrx_word' id='word_1_153' title='bbox 272 1098 424 1137; x_wconf 77' lang='grc' dir='ltr'><em>ἔπασχον.</em></span> 
     </span>
    </p>

    <p class='ocr_par' dir='ltr' id='par_1_3' title="bbox 114 1141 1203 1716">
     <span class='ocr_line' id='line_1_21' title="bbox 114 1141 1203 1191; baseline 0.001 -12"><span class='ocrx_word' id='word_1_154' title='bbox 114 1157 129 1179; x_wconf 76' lang='lat'>2</span> <span class='ocrx_word' id='word_1_155' title='bbox 212 1150 275 1189; x_wconf 75' lang='lat'><em>&lt;7&gt;</em></span> <span class='ocrx_word' id='word_1_156' title='bbox 305 1149 514 1191; x_wconf 75' lang='grc' dir='ltr'><em>ἀπειρηκότες</em></span> <span class='ocrx_word' id='word_1_157' title='bbox 547 1148 583 1180; x_wconf 78' lang='grc' dir='ltr'><em>δὲ</em></span> <span class='ocrx_word' id='word_1_158' title='bbox 616 1154 684 1187; x_wconf 84' lang='grc' dir='ltr'><em>τοῖς</em></span> <span class='ocrx_word' id='word_1_159' title='bbox 712 1155 824 1186; x_wconf 80' lang='grc' dir='ltr'><em>κακοῖς</em></span> <span class='ocrx_word' id='word_1_160' title='bbox 854 1150 888 1180; x_wconf 80' lang='grc' dir='ltr'><em>οἱ</em></span> <span class='ocrx_word' id='word_1_161' title='bbox 913 1148 1154 1189; x_wconf 82' lang='grc' dir='ltr'><em>πεπειραμένοι,</em></span> <span class='ocrx_word' id='word_1_162' title='bbox 1169 1141 1203 1176; x_wconf 48' lang='lat'><em>20⁸</em></span> 
     </span>
     <span class='ocr_line' id='line_1_22' title="bbox 143 1201 1153 1242; baseline -0.001 -9"><span class='ocrx_word' id='word_1_163' title='bbox 143 1201 197 1233; x_wconf 81' lang='grc' dir='ltr'><em>καὶ</em></span> <span class='ocrx_word' id='word_1_164' title='bbox 221 1208 290 1239; x_wconf 83' lang='grc' dir='ltr'><em>τοῖς</em></span> <span class='ocrx_word' id='word_1_165' title='bbox 314 1202 493 1233; x_wconf 77' lang='grc' dir='ltr'><em>ἀκούουσιν</em></span> <span class='ocrx_word' id='word_1_166' title='bbox 517 1202 598 1233; x_wconf 74' lang='grc' dir='ltr'><em>αὐτὰ</em></span> <span class='ocrx_word' id='word_1_167' title='bbox 623 1203 817 1233; x_wconf 81' lang='grc' dir='ltr'><em>διδασκαλία</em></span> <span class='ocrx_word' id='word_1_168' title='bbox 838 1202 1008 1242; x_wconf 78' lang='grc' dir='ltr'><em>γενόμενοι</em></span> <span class='ocrx_word' id='word_1_169' title='bbox 1032 1206 1091 1233; x_wconf 91' lang='grc' dir='ltr'><em>τοῦ</em></span> <span class='ocrx_word' id='word_1_170' title='bbox 1111 1202 1153 1242; x_wconf 88' lang='grc' dir='ltr'><em>μὴ</em></span> 
     </span>
     <span class='ocr_line' id='line_1_23' title="bbox 143 1253 1153 1297; baseline 0 -12"><span class='ocrx_word' id='word_1_171' title='bbox 143 1254 386 1295; x_wconf 73' lang='grc' dir='ltr'><em>προσδέξασθαι</em></span> <span class='ocrx_word' id='word_1_172' title='bbox 402 1255 462 1295; x_wconf 76' lang='grc' dir='ltr'><em>τὴν</em></span> <span class='ocrx_word' id='word_1_173' title='bbox 476 1256 618 1295; x_wconf 84' lang='grc' dir='ltr'><em>κιβωτόν</em></span> <span class='ocrx_word' id='word_1_174' title='bbox 632 1266 709 1286; x_wconf 89' lang='grc' dir='ltr'><em>ποτε</em></span> <span class='ocrx_word' id='word_1_175' title='bbox 723 1256 804 1295; x_wconf 89' lang='grc' dir='ltr'><em>πρὸς</em></span> <span class='ocrx_word' id='word_1_176' title='bbox 820 1255 939 1291; x_wconf 78' lang='grc' dir='ltr'><em>αὑτοὺς</em></span> <span class='ocrx_word' id='word_1_177' title='bbox 950 1253 1001 1285; x_wconf 79' lang='grc' dir='ltr'><em>ἐπὶ</em></span> <span class='ocrx_word' id='word_1_178' title='bbox 1016 1255 1153 1297; x_wconf 80' lang='grc' dir='ltr'><em>τοιούτῳ</em></span> 
     </span>
     <span class='ocr_line' id='line_1_24' title="bbox 143 1306 1153 1350; baseline 0 -12"><span class='ocrx_word' id='word_1_179' title='bbox 143 1311 253 1350; x_wconf 73' lang='grc' dir='ltr'><em>μισθῷ</em></span> <span class='ocrx_word' id='word_1_180' title='bbox 277 1306 327 1338; x_wconf 79' lang='grc' dir='ltr'><em>καὶ</em></span> <span class='ocrx_word' id='word_1_181' title='bbox 355 1306 453 1345; x_wconf 76' lang='grc' dir='ltr'><em>τέλει,</em></span> <span class='ocrx_word' id='word_1_182' title='bbox 482 1309 517 1339; x_wconf 92' lang='grc' dir='ltr'><em>τὸ</em></span> <span class='ocrx_word' id='word_1_183' title='bbox 542 1308 659 1339; x_wconf 83' lang='grc' dir='ltr'><em>λοιπὸν</em></span> <span class='ocrx_word' id='word_1_184' title='bbox 684 1307 818 1347; x_wconf 80' lang='grc' dir='ltr'><em>ἐζήτουν</em></span> <span class='ocrx_word' id='word_1_185' title='bbox 845 1308 994 1348; x_wconf 85' lang='grc' dir='ltr'><em>μηχανὴν</em></span> <span class='ocrx_word' id='word_1_186' title='bbox 1020 1306 1072 1338; x_wconf 85' lang='grc' dir='ltr'><em>καὶ</em></span> <span class='ocrx_word' id='word_1_187' title='bbox 1096 1308 1153 1338; x_wconf 91' lang='grc' dir='ltr'><em>πό-</em></span> 
     </span>
     <span class='ocr_line' id='line_1_25' title="bbox 144 1359 1153 1401; baseline -0.001 -10"><span class='ocrx_word' id='word_1_188' title='bbox 144 1372 204 1401; x_wconf 90' lang='grc' dir='ltr'><em>ρον</em></span> <span class='ocrx_word' id='word_1_189' title='bbox 228 1360 416 1401; x_wconf 77' lang='grc' dir='ltr'><em>ἆπαλλαγῆς</em></span> <span class='ocrx_word' id='word_1_190' title='bbox 439 1361 548 1401; x_wconf 77' lang='grc' dir='ltr'><em>αὐτῆς.</em></span> <span class='ocrx_word' id='word_1_191' title='bbox 587 1361 650 1399; x_wconf 73' lang='lat'><em>&lt;8&gt;</em></span> <span class='ocrx_word' id='word_1_192' title='bbox 668 1359 720 1391; x_wconf 81' lang='grc' dir='ltr'><em>καὶ</em></span> <span class='ocrx_word' id='word_1_193' title='bbox 742 1362 960 1398; x_wconf 77' lang='grc' dir='ltr'><em>συνελθόντες</em></span> <span class='ocrx_word' id='word_1_194' title='bbox 984 1360 1017 1392; x_wconf 78' lang='grc' dir='ltr'><em>οἱ</em></span> <span class='ocrx_word' id='word_1_195' title='bbox 1035 1359 1068 1390; x_wconf 82' lang='grc' dir='ltr'><em>ἐκ</em></span> <span class='ocrx_word' id='word_1_196' title='bbox 1087 1365 1153 1390; x_wconf 87' lang='grc' dir='ltr'><em>τῶν</em></span> 
     </span>
     <span class='ocr_line' id='line_1_26' title="bbox 142 1411 1192 1453; baseline -0.002 -9"><span class='ocrx_word' id='word_1_197' title='bbox 142 1412 238 1444; x_wconf 78' lang='grc' dir='ltr'><em>πέντε</em></span> <span class='ocrx_word' id='word_1_198' title='bbox 271 1414 398 1444; x_wconf 81' lang='grc' dir='ltr'><em>πόλεων</em></span> <span class='ocrx_word' id='word_1_199' title='bbox 431 1413 600 1453; x_wconf 69' lang='grc' dir='ltr'><em>ἄρχοντες,</em></span> <span class='ocrx_word' id='word_1_200' title='bbox 637 1414 751 1453; x_wconf 84' lang='grc' dir='ltr'><em>Γίττης</em></span> <span class='ocrx_word' id='word_1_201' title='bbox 783 1412 835 1444; x_wconf 84' lang='grc' dir='ltr'><em>καὶ</em></span> <span class='ocrx_word' id='word_1_202' title='bbox 867 1412 1068 1453; x_wconf 83' lang='grc' dir='ltr'><em>Ἀκκάρωνος</em></span> <span class='ocrx_word' id='word_1_203' title='bbox 1098 1411 1151 1442; x_wconf 85' lang='grc' dir='ltr'><em>καὶ</em></span> <span class='ocrx_word' id='word_1_204' title='bbox 1168 1421 1192 1439; x_wconf 78' lang='lat'><em>25</em></span> 
     </span>
     <span class='ocr_line' id='line_1_27' title="bbox 140 1464 1154 1505; baseline -0.001 -9"><span class='ocrx_word' id='word_1_205' title='bbox 140 1464 352 1505; x_wconf 72' lang='grc' dir='ltr'><em>Ἀσκάλωνος,</em></span> <span class='ocrx_word' id='word_1_206' title='bbox 377 1466 423 1496; x_wconf 76' lang='grc' dir='ltr'><em>ἔτι</em></span> <span class='ocrx_word' id='word_1_207' title='bbox 448 1464 483 1496; x_wconf 74' lang='grc' dir='ltr'><em>δὲ</em></span> <span class='ocrx_word' id='word_1_208' title='bbox 505 1466 607 1505; x_wconf 83' lang='grc' dir='ltr'><em>Γάζης</em></span> <span class='ocrx_word' id='word_1_209' title='bbox 626 1464 679 1496; x_wconf 82' lang='grc' dir='ltr'><em>καὶ</em></span> <span class='ocrx_word' id='word_1_210' title='bbox 697 1464 844 1503; x_wconf 78' lang='grc' dir='ltr'><em>Ἀζώτου,</em></span> <span class='ocrx_word' id='word_1_211' title='bbox 869 1465 1029 1496; x_wconf 83' lang='grc' dir='ltr'><em>ἐσκόπουν</em></span> <span class='ocrx_word' id='word_1_212' title='bbox 1052 1466 1085 1495; x_wconf 88' lang='grc' dir='ltr'><em>τί</em></span> <span class='ocrx_word' id='word_1_213' title='bbox 1103 1465 1154 1495; x_wconf 88' lang='grc' dir='ltr'><em>δεῖ</em></span> 
     </span>
     <span class='ocr_line' id='line_1_28' title="bbox 141 1517 1152 1558; baseline -0.001 -9"><span class='ocrx_word' id='word_1_214' title='bbox 141 1523 258 1549; x_wconf 85' lang='grc' dir='ltr'><em>ποιεῖν.</em></span> <span class='ocrx_word' id='word_1_215' title='bbox 304 1517 358 1549; x_wconf 79' lang='grc' dir='ltr'><em>καὶ</em></span> <span class='ocrx_word' id='word_1_216' title='bbox 389 1519 424 1549; x_wconf 87' lang='grc' dir='ltr'><em>τὸ</em></span> <span class='ocrx_word' id='word_1_217' title='bbox 454 1517 514 1558; x_wconf 76' lang='grc' dir='ltr'><em>μὲν</em></span> <span class='ocrx_word' id='word_1_218' title='bbox 537 1523 669 1558; x_wconf 84' lang='grc' dir='ltr'><em>πρῶτον</em></span> <span class='ocrx_word' id='word_1_219' title='bbox 693 1517 797 1549; x_wconf 81' lang='grc' dir='ltr'><em>ἐδόκει</em></span> <span class='ocrx_word' id='word_1_220' title='bbox 826 1518 886 1558; x_wconf 84' lang='grc' dir='ltr'><em>τὴν</em></span> <span class='ocrx_word' id='word_1_221' title='bbox 909 1518 1050 1558; x_wconf 85' lang='grc' dir='ltr'><em>κιβωτὸν</em></span> <span class='ocrx_word' id='word_1_222' title='bbox 1074 1517 1152 1548; x_wconf 78' lang='grc' dir='ltr'><em>ἀπο-</em></span> 
     </span>
     <span class='ocr_line' id='line_1_29' title="bbox 141 1569 1152 1611; baseline 0 -10"><span class='ocrx_word' id='word_1_223' title='bbox 141 1569 280 1611; x_wconf 89' lang='grc' dir='ltr'><em>πέμπειν</em></span> <span class='ocrx_word' id='word_1_224' title='bbox 303 1576 373 1607; x_wconf 90' lang='grc' dir='ltr'><em>τοῖς</em></span> <span class='ocrx_word' id='word_1_225' title='bbox 397 1571 544 1610; x_wconf 82' lang='grc' dir='ltr'><em>οἰκείοις,</em></span> <span class='ocrx_word' id='word_1_226' title='bbox 573 1570 616 1607; x_wconf 86' lang='grc' dir='ltr'><em>ὡς</em></span> <span class='ocrx_word' id='word_1_227' title='bbox 644 1570 937 1610; x_wconf 73' lang='grc' dir='ltr'><em>ὑπερεκδικοῦντος</em></span> <span class='ocrx_word' id='word_1_228' title='bbox 965 1570 1068 1610; x_wconf 88' lang='grc' dir='ltr'><em>αὐτὴν</em></span> <span class='ocrx_word' id='word_1_229' title='bbox 1093 1574 1152 1601; x_wconf 85' lang='grc' dir='ltr'><em>τοῦ</em></span> 
     </span>
     <span class='ocr_line' id='line_1_30' title="bbox 141 1622 1151 1664; baseline 0 -11"><span class='ocrx_word' id='word_1_230' title='bbox 141 1626 224 1654; x_wconf 80' lang='grc' dir='ltr'><em>θεοῦ</em></span> <span class='ocrx_word' id='word_1_231' title='bbox 239 1622 293 1653; x_wconf 80' lang='grc' dir='ltr'><em>καὶ</em></span> <span class='ocrx_word' id='word_1_232' title='bbox 310 1623 645 1664; x_wconf 81' lang='grc' dir='ltr'><em>συνεπιδημησάντων</em></span> <span class='ocrx_word' id='word_1_233' title='bbox 660 1622 740 1663; x_wconf 77' lang='grc' dir='ltr'><em>αὐτῇ</em></span> <span class='ocrx_word' id='word_1_234' title='bbox 761 1623 815 1654; x_wconf 73' lang='grc' dir='ltr'><em>διὰ</em></span> <span class='ocrx_word' id='word_1_235' title='bbox 835 1627 930 1654; x_wconf 87' lang='grc' dir='ltr'><em>τοῦτο</em></span> <span class='ocrx_word' id='word_1_236' title='bbox 951 1629 1017 1654; x_wconf 86' lang='grc' dir='ltr'><em>τῶν</em></span> <span class='ocrx_word' id='word_1_237' title='bbox 1032 1623 1151 1653; x_wconf 87' lang='grc' dir='ltr'><em>δεινῶν</em></span> 
     </span>
     <span class='ocr_line' id='line_1_31' title="bbox 141 1674 1191 1716; baseline 0 -10"><span class='ocrx_word' id='word_1_238' title='bbox 141 1674 194 1706; x_wconf 76' lang='grc' dir='ltr'><em>καὶ</em></span> <span class='ocrx_word' id='word_1_239' title='bbox 219 1677 505 1716; x_wconf 81' lang='grc' dir='ltr'><em>συνεισβαλόντων</em></span> <span class='ocrx_word' id='word_1_240' title='bbox 524 1674 594 1716; x_wconf 84' lang='grc' dir='ltr'><em>μετ’</em></span> <span class='ocrx_word' id='word_1_241' title='bbox 617 1675 741 1715; x_wconf 83' lang='grc' dir='ltr'><em>ἐκείνης</em></span> <span class='ocrx_word' id='word_1_242' title='bbox 761 1676 807 1712; x_wconf 75' lang='grc' dir='ltr'><em>εἰς</em></span> <span class='ocrx_word' id='word_1_243' title='bbox 826 1677 882 1712; x_wconf 80' lang='grc' dir='ltr'><em>τὰς</em></span> <span class='ocrx_word' id='word_1_244' title='bbox 903 1677 1014 1713; x_wconf 78' lang='grc' dir='ltr'><em>πόλεις</em></span> <span class='ocrx_word' id='word_1_245' title='bbox 1034 1675 1150 1706; x_wconf 83' lang='grc' dir='ltr'><em>αὐτῶν.</em></span> <span class='ocrx_word' id='word_1_246' title='bbox 1165 1682 1191 1701; x_wconf 79' lang='lat'><em>30</em></span> 
     </span>
    </p>

    <p class='ocr_par' dir='ltr' id='par_1_4' title="bbox 212 1735 520 1768">
     <span class='ocr_line' id='line_1_32' title="bbox 212 1735 520 1768; baseline 0.003 -8"><span class='ocrx_word' id='word_1_247' title='bbox 212 1738 226 1767; x_wconf 65' lang='grc' dir='ltr'><em>ς</em></span> <span class='ocrx_word' id='word_1_248' title='bbox 246 1738 261 1760; x_wconf 78' lang='lat'>4</span> <span class='ocrx_word' id='word_1_249' title='bbox 284 1748 315 1757; x_wconf 90' lang='lat'><strong><em>=</em></strong></span> <span class='ocrx_word' id='word_1_250' title='bbox 337 1738 349 1760; x_wconf 92' lang='lat'>1</span> <span class='ocrx_word' id='word_1_251' title='bbox 371 1735 438 1768; x_wconf 76' lang='lat' dir='ltr'>Reg.</span> <span class='ocrx_word' id='word_1_252' title='bbox 458 1736 482 1761; x_wconf 90' lang='lat' dir='ltr'>V</span> <span class='ocrx_word' id='word_1_253' title='bbox 499 1738 520 1761; x_wconf 84' lang='lat'><em>7.</em></span> 
     </span>
    </p>
   </div>
  </div>
 </body>
</html>
