1261 1917
138 99 181 129 20
509 99 778 124 APXAIOAOPIAS

138 179 247 210 αὐτῶν
271 178 410 220 ἀναρχία
433 178 574 220 κατέσχε.
621 180 706 219 <85>
732 179 810 219 μετὰ
833 182 934 209 ταῦτα
960 178 989 209 δ’
1016 181 1062 216 εἰς
1085 179 1145 219 τὴν

138 231 301 273 προτέραν
316 231 505 272 ἐπανῆλθον
519 234 697 271 πολιτείαν,
714 236 758 274 τῷ
772 232 852 262 κατὰ
867 233 1009 272 πόλεμον
1024 232 1144 274 ἀρίστῳ

140 285 271 322 δόξαντι
296 288 493 325 γεγενῆσθαι
519 284 571 315 καὶ
595 283 664 316 κατ’
691 285 847 325 ἀνδρείαν
871 283 944 325 περὶ
969 291 1034 316 τῶν
1059 285 1145 316 ὅλων

140 338 282 376 δικάζειν
297 337 534 379 ἐπιτρέποντες·
554 336 607 369 καὶ
629 339 682 369 διὰ
702 342 798 369 τοῦτο
818 338 875 368 τὸν
890 339 1010 379 χρόνον
1027 342 1145 369 τοῦτον

140 395 196 431 τῆς
219 393 384 428 πολιτείας
407 396 528 431 κριτῶν
552 390 717 422 ἐκάλεσαν.

207 444 291 483 (86)
316 443 488 483 ἐκκλησίαν
512 442 547 474 δὲ
568 444 764 484 Σαμούηλος
782 446 920 484 ποιήσας
941 445 958 476 ὁ
977 446 1147 486 προφήτης

140 503 207 528 τῶν
232 495 407 537 Ἑβραίων,
442 496 625 538 “ἐπόμνυμι’
656 499 757 537 φησίν
786 497 876 538 “ὑμῖν
903 498 962 528 τὸν
994 497 1147 539 μέγιστον

140 551 236 587 θεόν,
260 549 296 586 ὃς
319 551 395 586 τοὺς
419 549 583 590 ἀδελφοὺς
606 551 682 586 τοὺς
705 550 854 590 ἀγαθοὺς
879 550 1037 590 ἐκείνους,
1064 550 1145 590 λέγω

141 602 180 641 δὴ
201 603 352 641 Μωυσῆν
375 600 427 632 καὶ
450 600 606 643 Ἀαρῶνα,
629 603 817 643 παρήγαγεν
842 604 887 640 εἰς
908 604 966 634 τὸν
985 605 1069 644 βίον,
1093 602 1146 634 καὶ

140 656 217 691 τοὺς
239 654 381 695 πατέρας
403 654 496 695 ἡμῶν
520 654 698 695 ἐξήρπασεν
718 657 910 695 Αἰγυπτίων
933 654 985 686 καὶ
1009 660 1066 695 τῆς
1089 654 1144 686 ὑπ’

141 707 253 744 αὐτοῖς
277 707 442 747 δουλείας,
468 705 571 748 μηδὲν
594 707 665 748 μήτ’
693 708 782 739 αἰδοῖ
804 707 1041 750 χαρισαμένους
1064 707 1144 748 μήθ’

141 758 438 800 ὑποστειλαμένους
462 761 555 802 φόβῳ
580 759 652 800 μήτ’
678 761 765 803 ἄλλῳ
789 759 854 791 τινὶ
878 760 976 791 πάθει
998 771 1146 801 παραχω-

141 814 303 854 ρήσαντας
328 814 430 843 εἰπεῖν
455 816 487 843 εἴ
502 815 535 843 τί
552 825 606 853 μοι
626 812 805 853 πέπρακται
825 814 940 844 σκαιὸν
958 812 1011 844 καὶ
1032 814 1147 844 ἄδικον

141 865 160 905 ἢ
193 864 330 906 κέρδους
363 865 455 896 ἕνεκα
489 865 507 905 ἢ
540 866 728 903 πλεονεξίας
760 865 779 905 ἣ
811 866 942 906 χάριτος
978 870 1035 906 τῆς
1067 867 1148 907 πρὸς

141 919 271 955 ἄλλους,
295 919 380 957 <8T>
403 917 528 957 ἐλέγξαι
553 917 582 948 δ’
605 919 635 948 εί
656 917 709 948 καὶ
735 923 800 949 τῶν
821 919 980 949 τοιούτων
999 930 1029 949 τι
1048 927 1147 959 προσ-

141 971 279 1011 ηκάμην,
299 971 422 1011 μόσχον
442 969 460 1010 ἦ
481 972 656 1011 πρόβατον,
676 970 695 1001 ἃ
711 972 792 1011 πρὸς
806 971 934 1011 τροφὴν
949 970 1148 1011 ἀνεμέσητον

142 1024 233 1054 δοκεῖ
256 1023 449 1064 λαμβάνειν,
478 1022 496 1062 ἢ
522 1026 553 1054 εἶ’
573 1035 662 1060 τινος
686 1023 864 1062 ὑποζύγιον
892 1024 938 1060 εἰς
966 1023 1046 1064 ε’μὴν
1070 1023 1147 1054 ἀπο-

142 1077 266 1113 σπάσας
286 1078 398 1117 χρείαν
418 1075 572 1115 ἐλύπησα,
596 1076 722 1107 τούτων
741 1076 777 1107 ἕν
796 1088 824 1107 τι
845 1082 1009 1107 κατειπεῖν
1028 1078 1148 1117 παρόν-

142 1142 196 1167 τος
228 1130 322 1170 ὑμῶν
353 1133 412 1160 τοῦ
445 1128 623 1169 βασιλέωςῖ
677 1131 711 1159 οἳ
742 1128 771 1159 δ’
804 1128 987 1169 ἀνέκραγον
1023 1130 1148 1160 τούτων

142 1181 241 1213 οὐδὲν
265 1181 319 1213 ὑπ’
343 1182 444 1212 αὐτοῦ
468 1181 649 1221 γεγονέναι,
673 1186 853 1222 προστῆναι
878 1180 907 1212 δ’
930 1182 1027 1219 ὁσίως
1048 1182 1148 1213 αὐτὸν
1163 1192 1174 1209 2

141 1235 195 1266 καὶ
220 1236 353 1272 δικαίως
377 1239 435 1265 τοῦ
459 1236 588 1271 ἔθνους.
634 1235 719 1274 <88>
742 1235 937 1275 Σαμούηλος
961 1233 1007 1273 δέ,
1031 1235 1149 1274 ταύτης

142 1287 174 1325 ἐξ
199 1287 352 1318 ἁπάντων
375 1291 432 1327 τῆς
455 1288 634 1327 μαρτυρίας
661 1286 749 1329 αὐτῷ
773 1286 964 1327 γενομένης,
993 1285 1074 1318 ςὲπεὶ
1098 1287 1148 1318 δε-

142 1339 268 1371 δώκατέ
298 1339 362 1381 μοι’
396 1342 479 1380 φησί
505 1340 551 1370 “cb
585 1338 688 1380 μηδὲν
720 1340 843 1370 ἄτοπον
877 1338 926 1370 ἔθ’
963 1339 1044 1380 ὑμᾶς
1074 1338 1147 1379 περὶ

143 1392 222 1434 ἐμοῦ
247 1393 411 1424 δύνασθαι
434 1387 552 1432 λέγειν,
576 1391 655 1433 φέρε
674 1397 737 1423 νῦν
755 1393 834 1433 μετὰ
853 1394 1034 1433 παρρησίας
1052 1392 1148 1423 ἀκού-

143 1445 221 1477 σατέ
238 1457 301 1486 μου
326 1445 477 1485 λε’γοντος
502 1446 550 1476 ὅτι
574 1443 686 1486 μεγάλ’
713 1444 890 1485 ἠσεβήσατε
915 1446 960 1482 είς
983 1445 1040 1475 τὸν
1066 1445 1148 1475 θεὸν

143 1498 352 1539 αἰτησάμενοι
384 1498 527 1539 βασιλέα.
577 1498 662 1537 (539)
697 1498 971 1538 διαμνημονεύειν
1005 1495 1034 1527 δ’
1065 1497 1148 1537 ὑμᾶς

142 1555 306 1591 προσῆκεν
334 1552 382 1582 ὅτι
407 1553 468 1582 σὺν
492 1550 714 1591 ἑβδομήκοντα
742 1551 856 1590 μόνοις
884 1549 918 1580 ἐκ
945 1554 1004 1580 τοῦ
1032 1548 1149 1589 γένους

142 1603 234 1644 ἡμῶν
258 1603 275 1634 ὁ
294 1603 424 1640 πάππος
440 1602 590 1643 Ἰάκωβος
612 1603 665 1633 διὰ
685 1603 781 1642 λιμὸν
801 1603 847 1639 εἰς
867 1605 1036 1642 Αἴγυπτον
1055 1599 1148 1642 ἦλθε.

142 1656 235 1687 κάκεῖ
260 1659 391 1687 πολλῶν
419 1656 590 1697 μυριάδων
615 1655 908 1693 ἐπιτεκνωθεισῶν,
937 1654 975 1691 ἃς
1003 1655 1049 1691 εἰς
1072 1655 1148 1685 δου-

143 1711 231 1746 λείας
254 1708 306 1740 καὶ
326 1709 467 1750 χαλεπὰς
484 1709 596 1749 ὕβρεις
614 1708 739 1748 ἤγαγον
759 1707 793 1738 οἶ
811 1708 996 1747 Αἰγύπτιοι,
1021 1707 1037 1738 ὁ
1060 1709 1148 1746 θεός,

215 1775 228 1801 ,ε
250 1773 281 1795 so
303 1782 335 1790 =
358 1773 369 1795 1
386 1769 453 1801 Regr.
474 1768 523 1794 ΧΠ
544 1773 565 1794 1.

1164 665 1187 683 10

1164 928 1187 946 15

1163 1453 1187 1472 25

1163 1715 1189 1734 30
