1261 1917
118 1312 133 1333 00

154 60 219 92 350
520 62 791 86 ΑΡΧΑῙΟΛΟΓΙΑΣ

154 139 391 177 σκεδασθέντες
404 141 484 172 κατὰ
499 141 558 181 τὴν
573 142 693 182 χώραν,
708 140 819 182 ἐπειδὴ
834 143 911 179 τοὺς
925 143 1162 183 Βαβυλωνίους

153 194 300 233 ἥκουσαν
324 193 611 235 ἀνακεχωρηκότας
638 193 692 226 καὶ
716 195 856 232 λείψανά
878 207 952 226 τινα
975 198 1161 227 καταλελοι-

152 248 253 284 πότας
277 246 312 278 ἐν
335 251 373 287 τῇ
393 252 459 278 τῶν
474 246 710 289 Ἱεροσολύμων
731 252 771 289 γῇ
791 250 868 285 τοὺς
886 249 1007 288 ταύτην
1026 247 1162 289 ἐργασο-

152 298 286 340 μένους,
315 299 549 340 συλλεχθέντες
576 301 786 341 πανταχόθεν
809 298 890 340 ἧκον
913 302 995 342 πρὸς
1017 302 1075 332 τὸν
1100 302 1132 332 Γ
1128 313 1161 332 o—

153 352 268 383 δολίαν
297 353 343 389 εἰς
371 353 577 393 Μασφαθοὲν.
625 354 739 393 <160>
766 353 923 394 ἡγεμόνες
951 352 980 384 δ’
1011 351 1096 394 ἦσαν
1124 353 1160 385 ἐν

152 405 264 442 αὐτοῖς
285 404 437 445 Ἰωάννης
460 406 533 442 υίὸς
551 405 683 446 Καρεόυ
707 405 760 437 καὶ
781 405 932 444 Ἰεζανίας
955 405 1008 438 καὶ
1029 405 1161 448 Σαρεάς

152 456 205 488 καὶ
230 457 334 499 ἕτεροι
357 458 439 499 πρὸς
462 458 599 495 τούτοις.
646 457 680 489 ἐκ
704 457 740 489 δὲ
763 463 822 490 τοῦ
846 461 1016 499 βασιλικοῦ
1043 458 1161 499 γένους

152 508 193 550 ἧν
213 522 262 547 τις
279 509 456 550 Ἰσμαῆλος,
479 511 623 551 πονηρὸς
642 510 724 552 ἀνὴρ
744 510 797 542 καὶ
818 512 1022 551 δολιώτατος,
1046 512 1082 548 ὃς
1103 523 1161 543 πο-

153 561 398 603 λιορκουμε’νων
426 568 492 594 τῶν
512 561 747 604 Ἱεροσολύμων
776 565 877 604 ἔφυγε
905 565 987 604 πρὸς
1010 565 1067 595 τὸν
1088 563 1161 605 Ἀμ-

153 621 299 656 μανιτῶν
318 614 454 655 βασιλέα
470 615 615 656 Βααλεὶμ
634 615 687 647 καὶ
708 617 886 657 συνδιῆγεν
906 617 992 659 αὐτῷ
1009 617 1067 648 τὸν
1086 618 1161 659 χρό-

153 680 213 699 νον
238 667 373 699 ἐκεῖνον.
412 669 520 708 <161>
543 670 681 706 τούτους
704 671 819 700 τοίνυν
838 669 1036 710 γενομένους
1060 669 1162 701 αὐτοῦ

154 721 314 758 Γοδολίας
342 722 448 752 ἔπεισε
477 720 603 762 με’νειν,
634 722 749 753 αὐτίκα
779 721 882 763 μηδὲν
910 723 1058 760 δεδιότας
1085 723 1162 759 τοὺς

153 775 401 814 Βαβυλωνίους·
426 779 653 815 γεωργοῦντας
676 775 738 816 γὰρ
757 775 817 815 τὴν
840 776 951 816 χώραν
975 773 1074 806 οὐδὲν
1093 777 1162 806 πεί-

153 830 270 857 σεσθαι
296 827 415 858 δεινόν.
461 826 550 858 ταῦτ’
578 827 680 868 ὀμνὺς
704 828 816 864 αὐτοῖς
840 828 1079 868 διεβεβαιοῦτο,
1107 827 1161 859 καὶ

152 879 338 920 προστάτην
366 879 467 910 αὐτὸν
496 881 582 920 ἔχειν
606 879 725 920 λέγων,
754 879 842 920 ὥστ’,
871 884 903 911 εἴ
926 893 976 918 τις
1001 880 1161 922 ἐνοχλοίη,

153 932 324 969 τεύξεσθαι
344 936 400 972 τῆς
419 934 619 973 προθυμίας,
643 933 750 972 (162)
774 932 828 964 καὶ
849 934 1066 974 συνεβούλευε
1087 945 1161 964 κατ-

153 990 256 1015 οικεῖν
279 984 320 1024 ἣν
343 984 477 1022 ἕκαστος
501 986 653 1025 βούλεται
677 987 784 1024 πόλιν,
808 985 999 1017 ἀποστελεῖν
1023 997 1056 1017 τε
1082 986 1161 1026 μετὰ

152 1043 218 1068 τῶν
243 1038 338 1068 ἰδίων
362 1037 544 1075 ἀνακτίζειν
567 1039 606 1068 τὰ
628 1037 733 1078 ε’διίφη
752 1037 805 1069 καὶ
825 1044 1001 1069 κατοικεῖν·
1025 1037 1164 1079 προεῖπέ

153 1102 186 1121 τε
210 1090 512 1131 παρασκευάζεσθαι
537 1091 667 1130 αὐτούς,
691 1090 751 1128 ἕως
771 1092 816 1122 ἔτι
835 1092 948 1132 καιρός
968 1090 1045 1131 ἐστι,
1070 1092 1161 1122 σῖτόν

153 1154 185 1173 τε
210 1141 263 1173 καὶ
288 1140 382 1173 οἶνον
405 1142 457 1174 καὶ
483 1145 604 1182 ἔλαιον,
629 1144 716 1181 ὅπως
735 1145 831 1184 ἔχωσι
852 1144 906 1175 διὰ
925 1148 984 1174 τοῦ
1004 1149 1161 1184 χειμῶνος

152 1195 343 1236 τρέφεσθαι.
380 1200 481 1227 ταῦτα
501 1195 688 1237 διαλεχθεὶς
707 1198 788 1237 πρὸς
807 1197 927 1234 αὐτοὺς
946 1196 1085 1228 ἀπέλυσε
1105 1200 1161 1236 τῆς

152 1249 259 1289 χώρας
283 1250 329 1285 εἰς
353 1248 392 1279 ὃν
415 1248 549 1286 ἕκαστος
573 1248 725 1289 ἐβούλετο
750 1250 860 1280 τόπον.

219 1302 333 1341 <16:3>
367 1302 611 1342 διαδραμούσης
643 1300 679 1333 δὲ
712 1303 822 1342 φήμης
854 1303 900 1339 εἰς
932 1303 969 1333 τὰ
1000 1300 1074 1343 περὶ
1101 1302 1162 1341 τὴν

151 1353 314 1385 Ἰουδαίαν
343 1355 440 1394 ἔθνη,
469 1354 517 1385 ὅτι
547 1356 622 1391 τοὺς
650 1355 713 1386 ἀπὸ
742 1360 799 1395 τῆς
827 1360 935 1395 φυγῆς
957 1353 1033 1395 παρ’
1060 1354 1161 1385 αὐτὸν

153 1406 313 1443 ἐλθόντας
334 1408 493 1443 Γοδολίας
517 1406 646 1444 ἐδέξατο
671 1408 917 1449 φιλανθρώπως
940 1406 992 1438 καὶ
1017 1407 1077 1447 τὴν
1098 1411 1160 1446 γῆν

153 1459 264 1496 αὐτοῖς
284 1464 465 1500 γεωργοῦσι
485 1466 649 1491 κατοικεῖν
669 1459 799 1500 ἐφῆκεν,
820 1459 871 1500 ἐφ’
890 1457 915 1503 ᾦ
929 1463 1034 1491 τελεῖν
1054 1460 1160 1500 φόρον

153 1517 196 1554 τῷ
221 1514 439 1555 Βαβυλωνίῳ,
463 1512 670 1553 συνέδραμον
694 1512 786 1544 αὐτοὶ
810 1514 891 1554 πρὸς
915 1513 972 1543 τὸν
998 1512 1160 1543 Γοδολίαν

152 1564 206 1595 καὶ
230 1565 290 1604 τὴν
317 1566 427 1606 χώραν
454 1564 653 1607 κατῴκησαν.
701 1566 817 1606 <164>
842 1566 1100 1604 κατανοήσαντες
1124 1563 1160 1595 δὲ

153 1617 212 1657 τὴν
235 1618 345 1658 χώραν
369 1616 419 1647 καὶ
446 1617 505 1657 τὴν
529 1622 588 1648 τοῦ
614 1619 775 1649 Γοδολίου
803 1619 1002 1659 χρηστότητα
1028 1616 1080 1648 καὶ
1105 1629 1160 1657 φι-

153 1671 369 1711 λανθρωπίαν
385 1668 537 1709 Ἰωάννης
555 1669 609 1701 καὶ
628 1671 662 1701 οἰ
679 1669 746 1711 μετ’
767 1670 868 1701 αὐτοῦ
887 1670 1043 1711 ἡγεμόνες
1061 1671 1158 1711 ὑπερ-

223 1733 237 1762 g
254 1733 303 1756 1:39
322 1743 351 1751 =
367 1733 383 1755 4
398 1729 464 1763 neg.
481 1730 556 1756 xxv
573 1733 617 1762 ‘233
638 1730 732 1756 Ierem.
748 1730 846 1755 XLVH
862 1734 884 1756 τ,

1177 630 1202 649 10

1177 892 1201 912 15

1174 1416 1199 1436 25

1174 1678 1200 1698 30
