1261 1917
177 60 241 91 318
477 62 748 88 ΑΡΧΑΙΟΛΟΓῙΑΣ
768 65 890 89 ΕΝΑΤΗ

175 139 327 182 πρέσβεις
351 140 481 173 ἐδέοντο
507 143 603 183 ἱερεῖς
623 143 743 183 αὐτοῖς,
768 141 814 175 ὧν
834 145 949 185 ἔλαβεν
970 146 1184 186 αἰχμαλώτων

176 195 252 231 τοὺς
273 193 471 236 Ἰσραηλίτας
494 196 693 236 πολεμήσας,
722 196 919 228 ἀποστεῖλαι.
966 197 1082 237 <200>
1105 197 1184 239 πέμ-

175 252 299 284 ψαντος
323 246 373 287 δέ,
401 248 440 278 τά
463 259 497 279 τε
520 249 642 289 νόμιμα
665 247 719 280 καὶ
743 249 802 289 τὴν
825 248 899 291 περὶ
922 250 981 281 τὸν
1004 251 1086 282 θεὸν
1109 255 1184 282 τοῦ-

174 312 233 331 τον
261 300 356 331 ὁσίαν
384 300 596 342 διδαχθέντες
629 301 832 341 ἐθρήσκευον
863 303 964 334 αὐτὸν
992 305 1182 344 φιλοτίμως,

174 351 228 383 καὶ
258 357 317 383 τοῦ
345 356 462 394 λοιμοῦ
493 353 678 395 παραχρῆμ’
710 353 902 386 ἐπαύσαντο.
955 356 1120 396 χρώμενοί
1148 367 1182 387 τε

174 410 243 441 τοῖς
266 405 378 442 αὐτοῖς
401 407 447 437 ἔτι
471 405 524 437 καὶ
549 411 612 437 νῦν
631 408 722 437 ἔθεσι
743 408 950 439 διατελοῦσιν
972 409 1102 439 οἱκατὰ
1122 407 1183 449 μὲν

173 458 233 498 τὴν
249 457 409 499 Ἑβραίων
432 461 580 498 γλῶτταν
600 461 763 490 Χουθαῖοι
786 461 866 491 κατὰ
887 459 922 491 δὲ
941 461 1001 500 τὴν
1017 459 1182 501 Ἑλλήνων

174 513 391 552 Σαμαρεῖται,
420 511 536 551 <291>
566 513 600 542 οἳ
624 512 705 552 πρὸς
729 513 926 553 μεταβολήν,
955 513 1033 544 ὅταν
1061 512 1121 554 μὲν
1145 511 1181 544 εὖ

172 563 374 603 πράττοντας
403 562 560 604 βλέπωσι,
590 565 667 601 τοὺς
692 563 872 602 Ἰουδαίους
902 571 1072 605 συγγενεῖς
1102 565 1180 597 ἄπο-

172 618 331 646 καλοῦσιν
349 616 394 653 ὡς
413 615 444 653 ἐξ
461 615 619 656 Ἰωσήπου
638 617 760 656 φύντες
778 616 831 648 καὶ
851 618 910 657 τὴν
930 617 1033 659 ἀρχὴν
1052 617 1180 650 ἐκεῖθεν

172 673 229 708 τῆς
252 669 334 709 πρὸς
357 668 477 706 αὐτοὺς
501 670 629 709 ἔχοντες
653 670 859 709 οἰκειότητος,
885 670 964 701 ὅταν
988 668 1025 700 δὲ
1047 673 1180 702 πταίον-

172 733 229 757 τας
249 721 374 760 ἴδωσιν,
393 721 583 762 οὐδαμόθεν
602 721 714 759 αὐτοῖς
732 723 909 763 προσήκειν
933 721 1087 763 λέγουσιν
1105 722 1177 754 οὐδ’

172 771 256 804 εἶναι
290 774 420 805 δίκαιον
452 772 551 805 οὐδὲν
584 774 695 811 αὐτοῖς
728 775 858 812 εὐνοίας
885 775 905 815 ἢ
933 775 1064 816 γένους,
1097 776 1179 808 ἀλλὰ

172 827 342 866 μετοίκους
365 826 557 863 ἀλλοεθνεῖς
577 827 821 867 ἀποφαίνουσιν
840 827 984 865 ἑαυτούς.
1026 828 1099 870 περὶ
1119 827 1179 870 μὲν

172 876 233 909 οὖν
256 879 382 910 τούτων
405 879 519 919 ἕξομεν
543 880 773 921 εὐκαιρότερον
798 882 909 912 εἰπεῖν.

1196 365 1210 384 5

1196 628 1221 648 10

1193 890 1217 910 15
