1261 1917
506 54 657 79 EBAOMH
1027 50 1088 82 137

76 136 198 176 ἔφησεν
227 132 309 166 εἶναι
341 137 398 166 καί
424 147 453 166 τι
483 140 549 166 τῶν
578 134 738 166 εὐκταίων
767 134 854 176 αὐτῷ
883 132 999 174 φέρειν
1028 131 1091 164 ἀπὸ

75 193 132 228 τῆς
165 188 277 229 μάχης.
330 188 438 228 <j250>
469 186 523 219 καὶ
556 188 676 228 μεταξὺ
709 191 810 218 ταῦτα
845 186 999 226 λέγοντος
1033 190 1092 217 τοῦ

75 240 235 283 βασιλέως
258 240 376 282 φανεὶς
400 241 416 273 ὀ
440 240 570 282 Ἀχιμᾶς
590 245 772 281 προσκυνεῖ
790 240 848 271 τὸν
868 238 1014 280 βασιλέα,
1038 237 1092 270 καὶ

75 293 256 338 πυθομένῳ
277 293 348 334 περὶ
372 299 428 334 τῆς
448 294 551 335 μάχης
570 295 667 333 νίκην
687 292 927 333 εὐαγγελίζεται,
947 290 1000 322 καὶ
1016 291 1092 331 κρά-

49 360 61 380 5
76 360 140 385 τος.
187 346 347 389 ἐρομένου
377 345 407 378 δ’
434 349 467 378 εἴ
486 359 516 378 τι
540 345 594 378 καὶ
622 345 696 387 περὶ
726 350 784 377 τοῦ
807 345 926 382 παιδὸς
949 346 1017 386 ἔχοι
1042 343 1092 376 λε’-

77 412 163 441 γειν,
192 400 290 438 αὐτὸς
319 398 379 441 μὲν
408 401 550 441 ἔφασκεν
580 399 683 437 εὐθὺς
712 399 852 440 ὁρμῆσαι
881 399 963 439 πρὸς
992 397 1093 429 αὐτὸν

77 459 134 494 τῆς
157 458 280 495 τροπῆς
304 459 370 484 τῶν
393 455 560 494 πολεμίων
589 451 781 493 γενομένης,
810 451 948 483 ἀκοῦσαι
978 449 1013 482 δὲ
1039 462 1092 491 με-

77 507 179 547 γάλης
211 508 291 547 βοῆς
324 507 514 537 διωκόντων
545 507 602 537 τὸν
630 504 872 546 Ἀβεσιὲλωμον,
905 503 958 535 καὶ
991 502 1094 535 πλέον

77 560 197 591 τούτου
225 560 267 601 μὴ
303 563 425 600 μαθεῖν
454 560 619 590 δύνασθαι
650 559 704 590 διὰ
738 559 773 590 τὸ
806 556 1002 599 πεμφθέντα
1036 556 1090 588 ὑπ’

38 626 63 644 10
75 611 210 654 Ἰωάβου
235 614 380 653 δηλῶσαι
406 613 466 652 τὴν
490 614 586 653 νίκην
611 611 810 652 ἐπείγεσθαι.
858 611 967 651 (251)
991 621 1093 651 παρα-

77 665 258 707 γενομένου
283 665 318 697 δὲ
347 670 406 697 τοῦ
430 665 533 697 Χουσὶ
560 665 611 696 καὶ
638 665 929 706 προσκυνήσαντος
956 662 1007 694 καὶ
1034 663 1094 703 τὴν

80 721 174 759 νίκην
199 721 419 760 σημήναντος,
448 717 520 759 περὶ
552 723 610 750 τοῦ
640 719 759 755 παιδὸς
787 717 888 749 αὐτὸν
912 716 1094 756 ἀνέκρινεν.

78 772 94 803 ὃ
121 771 150 803 ὁ’
178 772 341 814 “ε’χθροῑ’ς’
367 770 435 803 εἷπε
461 772 541 809 ‘ross
566 777 636 809 σοῖς
660 767 714 802 οἷα
738 770 944 812 συμβέβηκεν
964 769 1094 810 Ἀβεσα-

79 826 175 868 λώμῳ
196 825 345 866 γε’νοιτο.’
389 826 496 865 (252)
517 822 612 861 οὗτος
637 825 653 856 ὁ
678 825 776 864 λόγος
797 821 875 854 οὐδὲ
899 823 960 863 τὴν
980 821 1029 853 ἐπὶ
1056 827 1093 863 τῇ

39 890 63 909 15
82 880 154 920 νίκῃ
182 879 287 919 χαρὰν
316 881 425 909 εἴασεν
454 877 523 909 οὔτ’
551 877 638 919 αὐτῷ
667 883 776 918 μεῖναι
805 877 962 917 μεγίστην
991 872 1095 906 οὖσαν

79 932 153 962 οὔτε
174 937 243 968 τοῖς
266 931 487 972 στρατιώταις.
534 930 632 967 αὐτὸς
663 928 723 971 μὲν
747 930 809 971 γὰρ
833 929 957 970 ἀναβὰς
982 928 1033 960 ἐπὶ
1058 930 1094 960 τὸ

78 985 286 1024 ὑψηλότατον
314 988 372 1025 τῆς
398 985 525 1021 πόλεως
549 983 739 1015 ἀνεκλαίετο
768 984 826 1014 τὸν
854 983 945 1021 υἱόν,
977 983 1094 1013 τυπτό-

79 1049 176 1078 μενος
204 1038 243 1068 τὰ
272 1036 391 1078 στέρνα
419 1036 473 1068 καὶ
498 1037 558 1077 τὴν
581 1037 730 1077 κεφαλὴν
754 1037 1018 1077 σπαραττόμενος
1040 1034 1095 1066 καὶ

78 1092 242 1128 παντοίως
266 1091 368 1122 αὑτὸν
387 1092 600 1131 αἰκιζόμενος,
624 1089 677 1121 καὶ
699 1089 838 1121 “τε’κνον’
859 1089 995 1129 ἐκβοῶν,
1015 1087 1093 1120 “εἰῖθ’

39 1154 65 1174 20
81 1142 152 1184 ἐμοὶ
176 1144 234 1175 τὸν
252 1144 403 1175 θάνατον
423 1143 578 1175 ἐπελθεῖν
598 1142 726 1183 ἐγένετο
746 1141 801 1174 καὶ
825 1143 890 1183 ἅμα
911 1151 962 1174 σοι
986 1145 1096 1173 τελευ-

81 1196 201 1237 τῆσαι·’
235 1198 333 1237 φύσει
365 1198 427 1238 γὰρ
459 1197 506 1228 ὢν
534 1198 754 1238 φιλόστοργος
781 1196 864 1237 πρὸς
893 1194 1020 1226 ἐκεῖνον
1049 1196 1096 1226 ἔτι

81 1253 207 1290 μᾶλλον
235 1252 418 1290 συμπαθῶς
447 1247 541 1291 εἶχεν.
594 1250 702 1290 <253>
727 1249 746 1289 ἡ
776 1249 911 1290 στρατιὰ
940 1247 976 1280 δὲ
1000 1247 1054 1279 καὶ
1078 1248 1095 1280 ὁ

79 1301 221 1344 Ἰώαβος,
246 1302 444 1340 ἀκούσαντες
464 1303 513 1335 ὅτι
532 1306 653 1334 πενθεῖ
670 1303 728 1334 τὸν
747 1302 824 1333 υἱὸν
843 1301 948 1338 οὕτως
967 1301 984 1333 ὁ
1005 1303 1097 1342 βασι-

82 1357 167 1396 λεύς,
194 1355 408 1398 ᾐσχύνθησαν
427 1357 506 1397 μετὰ
530 1361 589 1387 τοῦ
608 1361 675 1387 τῶν
693 1356 914 1395 νενικηκότων
934 1355 1098 1395 σχήματος

41 1419 66 1439 25
82 1410 247 1440 εἰσελθεῖν
267 1410 314 1446 εἰς
336 1410 396 1449 τὴν
415 1411 524 1449 πόλιν,
548 1414 704 1449 κατηφεῖς
728 1406 764 1439 δὲ
783 1406 837 1438 καὶ
858 1406 1097 1449 δεδακρυμένοι

81 1462 200 1499 πάντες
225 1462 268 1499 ὡς
293 1461 351 1502 ἀφ’
381 1462 475 1502 ’ἥττης
504 1464 689 1502 παρῆλθον.
736 1460 844 1501 <254>
868 1463 1097 1497 κατακαλυψα-

81 1515 184 1556 μένου
209 1513 243 1546 δε
269 1519 328 1546 τοῦ
348 1514 508 1556 βασιλεως
528 1514 581 1546 καὶ
602 1513 775 1551 στενοντος
794 1514 852 1544 τὸν
871 1514 957 1553 υίόν,
982 1516 1097 1544 εἴσεισι

81 1570 164 1610 πρὸς
188 1569 290 1600 αὐτὸν
311 1567 453 1609 Ἰώαβος,
477 1580 529 1599 και
554 1573 754 1609 παρηγορῶν
773 1565 810 1598 ὦ
831 1566 984 1598 δεσποτα’
1005 1568 1098 1607 φησί,

83 1621 274 1659 ’λανθάνεις
297 1622 487 1663 διαβάλλων
507 1622 630 1652 σαυτὸν
649 1616 702 1652 οἷα
723 1626 838 1661 ποιεῖς,
863 1620 912 1651 ὅτι
936 1621 1013 1657 τοὺς
1037 1631 1098 1661 μεν

42 1683 69 1704 ao
83 1675 277 1716 ἀγαπῶντάς
301 1683 336 1706 σε
360 1674 413 1706 καὶ
438 1673 512 1715 περὶ
536 1679 596 1706 σοῦ
616 1674 872 1710 κινδυνεύοντας
896 1685 949 1704 και
975 1673 1099 1704 σαυτὸν

156 1740 169 1768 ἓ
187 1738 237 1762 ’250
258 1749 290 1758 =
312 1738 326 1762 ‘2
347 1735 415 1768 Reg.
436 1735 525 1761 XVIII
541 1738 583 1761 28.
