1261 1917
92 1321 122 1344 10

140 77 183 108 52
507 78 777 103 ΑΡΧΑῙοΛοΓΙΑΣ

139 163 215 194 παῖς
239 157 475 189 ἀπολέλειπται,
523 157 539 188 ὃ
569 156 604 188 δὲ
628 160 851 198 πεπορεῦσθαι
880 158 960 188 κατὰ
988 159 1044 194 τὰς
1069 166 1145 188 συν·

139 211 244 250 θήκας
269 211 390 250 ἔφησεν
413 210 514 241 αὐτὸν
539 211 585 247 εἰς
608 210 668 250 τὴν
692 209 810 240 ἑαυτοῦ
834 210 984 251 πατρίδα,
1008 215 1064 250 τῆς
1083 222 1145 250 φυ-

139 266 198 303 λῆς
222 262 338 303 ἑορτὴν
358 262 509 302 ἀγούσης,
534 261 767 303 ἐπιτρέψαντος
786 262 900 293 αὐτοῦ·
924 262 1145 303 παρακαλέσαι

138 314 249 356 μέντοι
269 314 323 346 καὶ
343 315 444 346 αὐτὸν
465 315 577 346 ἐλθεῖν
602 314 651 346 ἐπὶ
671 315 731 355 τὴν
750 317 883 346 θυσίαν.
930 314 1001 346 “κόὶν
1021 323 1145 355 συγχω-

138 368 207 409 ρῇς’
234 370 351 408 φησίν,
376 367 579 409 εἀπέρχομαι·
615 369 721 406 ἴ237ζ)
746 368 806 407 τὴν
834 368 895 408 γὰρ
925 368 1058 398 εὔνοιάν
1082 379 1145 408 μου

137 420 198 460 τὴν
224 421 306 461 πρὸς
334 420 434 451 αὐτὸν
464 420 652 451 ἐπίστασαιῖ
699 422 770 451 τότε
799 421 858 460 τὴν
885 421 966 461 πρὸς
994 420 1146 460 Δαυίδην

137 477 197 503 τοῦ
221 474 343 514 πατρὸς
364 472 521 512 Ἰωνάθης
550 471 673 512 ἐπέγνω
699 472 910 513 δυσμένειαν,
938 471 991 503 καὶ
1020 478 1146 513 τρανῶς

138 526 198 565 τὴν
222 526 302 565 ὅλην
326 525 427 556 αὐτοῦ
451 526 610 566 βούλησιν
639 523 735 556 εἶδεν.
782 525 822 556 οὐ
845 526 906 566 γὰρ
930 524 1061 565 κατέσχε
1086 525 1145 564 τὴν

138 578 242 618 ὀργὴν
271 578 436 617 Σάουλος,
469 578 550 609 ἀλλὰ
581 580 784 618 βλασφημῶν
813 577 845 615 ἐξ
874 577 1064 618 αὐτομόλων
1094 589 1145 617 γε-

138 629 342 670 γεννημένον
370 629 422 661 καὶ
447 630 604 671 πολέμιον
628 630 793 669 ἀπεκάλει,
822 629 874 661 καὶ
901 631 1063 661 κοινωνὸν
1087 635 1145 661 τοῦ

138 683 291 714 Δαυίδου
314 682 367 713 καὶ
388 683 550 723 συνεργὸν
570 684 668 722 ἔλεγε,
692 682 742 713 καὶ
764 682 836 723 μήτ’
859 683 960 714 αὐτὸν
979 683 1145 713 αἰδεῖσθαι

139 736 218 776 μήτε
238 736 298 775 τὴν
318 735 439 776 μητέρα
459 735 571 771 αὐτοῦ,
596 739 695 766 ταῦτα
716 740 916 776 φρονοῦντα,
935 734 987 766 καὶ
1008 735 1050 776 μὴ
1070 736 1146 775 βου-

139 789 280 828 λόμενον
304 791 479 827 πεισθῆναι
506 786 613 826 τοῦθ’,
643 787 690 818 ὅτι
715 786 807 828 μέχρι
832 789 974 828 περίεστι
999 787 1147 827 Δαυίδης

140 840 328 880 ἐπισφαλῶς
351 840 462 877 αὐτοῖς
485 841 523 871 τὰ
548 844 604 880 τῆς
627 842 794 880 βασιλείας
813 841 885 880 ἔχει.
933 840 1146 880 “μετοὲπεμψαι

139 897 317 932 τοιγαροῦν
337 892 449 923 αὐτόν’
471 894 601 933 ἔφησεν,
626 892 692 923 Ὗνα
712 893 758 935 δῷ
779 893 894 932 δίκηνῖ
941 894 1048 933 (238)
1069 893 1147 923 ὑπο-

140 947 296 986 τυχόντος
316 944 346 975 δ’
366 944 525 976 Ἰωνάθου
545 945 590 976 (τί
607 944 636 975 δ’
659 945 836 976 ἀδικοῦντα
858 945 993 976 κολάσαι
1013 944 1146 982 θέλεις;’

141 996 246 1028 οὐκέτ’
274 998 320 1034 εἰς
344 999 463 1037 λόγους
486 996 539 1028 καὶ
564 1000 771 1038 βλασφημίας
795 998 854 1037 τὴν
876 998 978 1038 ὀργὴν
1002 998 1018 1029 ὁ
1039 998 1147 1028 Σάου-

142 1053 197 1087 λος
222 1050 406 1089 ἐξήνεγκεν,
436 1049 506 1081 ἀλλ’
534 1050 680 1090 ἁρπάσας
703 1051 738 1080 τὸ
764 1050 845 1090 δόρυ
869 1050 1072 1089 ἀνεπήδησεν
1097 1049 1144 1080 ἐπ’

142 1103 242 1133 αὐτὸν
261 1102 449 1134 ἀποκτεῖναι
469 1101 587 1133 θέλων.
629 1101 681 1133 καὶ
701 1103 737 1133 τὸ
757 1100 817 1142 μὲν
837 1103 933 1142 ἔργον
953 1102 1012 1133 οὐκ
1033 1104 1147 1144 ἔδρασε

143 1154 362 1191 διακωλυθεὶς
372 1155 435 1186 ὑπὸ
446 1160 512 1185 τῶν
522 1157 640 1195 φίλων,
656 1156 798 1195 φανερὸς
813 1153 842 1185 δ’
857 1154 984 1194 ἐγένετο
997 1159 1041 1198 τῷ
1055 1155 1147 1186 παιδὶ

142 1213 247 1248 μισῶν
266 1208 323 1238 τὸν
343 1208 496 1247 Δαυίδην
515 1207 565 1238 καὶ
589 1208 828 1248 διαχρήσασθαι
848 1211 974 1246 ποθῶν,
999 1207 1042 1244 ὡς
1061 1208 1147 1248 παρὰ

142 1261 259 1301 μικρὸν
284 1259 327 1291 δι’
355 1259 480 1291 ἐκεῖνον
504 1260 654 1301 αὐτόχειρ
678 1259 731 1291 καὶ
755 1265 813 1291 τοῦ
833 1260 949 1297 παιδὸς
969 1259 1147 1300 γεγονέναι.

209 1313 316 1353 (⁵239)
336 1312 388 1343 καὶ
408 1314 478 1343 τότε
499 1311 559 1353 μὲν
578 1314 595 1344 ὁ
615 1317 673 1344 τοῦ
693 1312 851 1353 βασιλέως
870 1318 945 1349 παῖς
967 1312 1148 1353 ἐκπηδήσας

143 1365 206 1396 ἀπὸ
226 1369 284 1395 τοῦ
305 1365 451 1403 δείπνου,
471 1364 521 1395 καὶ
538 1363 640 1405 μηδὲν
660 1365 722 1396 ὑπὸ
743 1366 847 1404 λύπης
866 1364 1147 1405 προσενέγκασθαι

143 1417 311 1456 δυνηθείς,
335 1418 457 1448 κλαίων
481 1416 598 1448 ἑαυτὸν
622 1416 681 1458 μὲν
705 1422 763 1448 τοῦ
787 1418 873 1457 παρὰ
893 1418 1009 1457 μικρὸν
1033 1416 1147 1448 ἀπολέ-
1181 1432 1187 1443 ›

144 1473 234 1509 σθαι,
253 1474 312 1500 τοῦ
331 1472 582 1510 κατακεκρίσθαι
603 1469 633 1500 δ’
655 1470 838 1501 ἀποθανεῖν
856 1470 1018 1509 Δαυίδην,
1040 1470 1147 1500 διενυ-

142 1521 323 1562 κτέρευσεν.
370 1523 434 1562 ἅμα
464 1521 493 1553 δ’
519 1522 621 1564 ἡμέρᾳ
648 1524 710 1563 πρὸ
739 1527 795 1562 τῆς
818 1524 942 1558 πόλεως
965 1522 1011 1558 εἰς
1034 1523 1070 1553 τὸ
1094 1532 1147 1552 πε-

144 1575 218 1605 δίον
241 1574 285 1610 ὡς
309 1576 555 1615 γυμνασόμενος
578 1574 647 1615 μέν,
672 1575 828 1614 δηλώσων
853 1573 887 1605 δὲ
912 1578 955 1616 τῷ
979 1575 1064 1616 φίλω
1089 1574 1148 1614 τὴν

143 1631 202 1657 τοῦ
217 1627 338 1666 πατρὸς
353 1626 516 1666 διάθεσιν,
535 1627 579 1664 ὡς
594 1626 763 1665 συνέθετο,
783 1628 919 1667 πρόεισι.
954 1627 1060 1666 <240>
1077 1637 1147 1657 ποι-

1162 639 1186 657 10

1164 901 1187 919 15

1164 1149 1200 1182 20¹

143 1680 224 1719 ήσας
252 1678 281 1710 δ’
309 1679 325 1710 ὁ
347 1678 504 1719 Ἰωνάθης
531 1680 569 1710 τὰ
594 1681 787 1720 συγκείμενα
815 1680 873 1710 τὸν
901 1677 960 1720 μὲν
989 1678 1147 1719 ἑπόμενον
1162 1687 1187 1705 ³0

216 1742 295 1770 §237
317 1751 348 1761 =
371 1743 380 1764 1
400 1740 467 1772 Reg.
487 1738 536 1764 XX
552 1742 592 1764 30.
