1261 1917
169 62 233 92 275
535 59 805 84 APXAIOAomAz

170 147 275 182 τεῖχος
302 139 356 171 καὶ
385 140 627 181 ἀναβοήσαντες
654 140 734 180 πρὸς
762 139 839 175 τοὺς
862 139 1010 178 φύλακας
1034 137 1177 178 ἐμήνυον

170 194 282 230 αὐτοῖς
305 194 344 224 τὰ
367 192 441 234 περὶ
465 194 541 229 τοὺς
559 193 745 232 πολεμίους,
769 190 887 222 ἐκεῖνοι
910 188 946 222 δὲ
964 189 1053 221 ταῦτ’
1077 189 1178 230 ἀπήγ-

170 249 284 286 γειλαν
316 251 385 282 τοῖς
416 250 475 276 τοῦ
508 243 666 286 βασιλέως
699 243 832 284 φύλαξι·
869 242 945 284 παρ’
981 240 1027 274 ὧν
1060 243 1178 283 μαθὼν

168 297 322 339 Ἰώραμος
345 297 582 339 μεταπέμπεται
606 298 683 334 τοὺς
703 298 822 337 φίλους
841 294 893 327 καὶ
913 297 989 332 τοὺς
1007 295 1179 335 ἡγεμόνας,

172 352 256 392 <82>
280 352 362 392 πρὸς
386 351 443 387 οὓς
467 349 627 386 ἐλθόντας
651 348 788 390 ἐνέδραν
811 347 864 379 καὶ
887 347 1004 389 τέχνην
1023 348 1180 379 ὑπονοεῖν

172 406 261 444 ἔλεγε
285 404 345 444 τὴν
364 403 571 444 ἀναχώρησιν
593 407 651 433 τοῦ
670 407 735 432 τῶν
755 401 877 441 Σύρων
897 399 1066 441 βασιλέως,
1090 400 1179 430 <ἀπο-

172 458 310 497 γνόντος
334 456 416 496 ἡμᾶς
440 460 483 497 τῷ
504 458 585 496 λιμῷ
606 454 908 494 διαφθαρήσεσθαι,
932 452 975 484 ἵν’
998 453 1042 490 ὡς
1060 464 1180 493 πεφευ-

173 510 280 549 γότων
295 507 347 540 ἐπὶ
363 507 548 548 διαρπαγὴν
561 506 763 544 ἐξελθόντων
778 510 835 545 τῆς
849 507 1056 546 παρεμβολῆς
1071 506 1181 545 αἰφνι-

174 563 252 598 δίως
281 559 416 601 ἐπιπέσῃ
443 558 496 591 καὶ
524 561 634 600 κτείνῃ
660 557 719 599 μὲν
744 558 878 598 αὐτούς,
907 557 1044 598 ἀμαχητὶ
1069 556 1098 588 δ’
1126 557 1182 598 ἕλῃ

173 615 234 654 τὴν
266 615 372 644 πόλιν.
419 613 500 643 ὅθεν
531 612 611 652 ὑμῖν
643 616 792 651 παραινῶ
828 611 882 641 διὰ
916 613 1064 650 φυλακῆς
1097 611 1182 650 ἔχειν

176 666 288 706 αὐτην,
308 665 361 697 καὶ
381 665 536 706 μηδαμῶς
554 663 704 705 προϊέναι
723 657 1035 704 καταφρονήσαντας
1049 667 1093 704 τῷ
1108 664 1184 699 τοὺς

174 719 351 759 πολεμίους
375 715 678 757 ἀνακεχωρηκέναι.’
725 716 820 755 <83>
845 715 1012 755 φήσαντος
1035 714 1073 746 δέ
1095 726 1184 752 τινος

176 772 220 808 ὡς
244 771 360 811 ἄριστα
384 768 443 810 μὲν
467 768 519 800 καὶ
545 769 750 800 συνετώτατα
774 768 978 808 ὑπονοήσειε,
1001 766 1124 808 πέμψαι
1149 779 1183 808 γε

176 824 241 864 μὴν
265 823 572 863 συμβουλεύσαντος
596 822 656 852 δύο
681 827 747 852 τῶν
776 819 901 852 ἱππέων
929 821 1005 857 τοὺς
1028 820 1088 860 τὴν
1111 821 1185 860 ἄχρι

174 875 344 917 Ἰορδάνου
363 879 471 905 πᾶσαν
490 874 771 915 ἐξερευνήσοντας,
791 872 847 912 ἵν’,
870 874 899 904 εἰ
920 871 1103 913 ληφθέντες
1122 873 1184 904 ὑπὸ

178 929 352 969 λοχώντων
367 933 432 958 τῶν
449 928 614 967 πολεμίων
635 926 864 966 διαφθαρεῖεν,
883 925 1013 965 φυλακὴ
1032 929 1070 965 τῇ
1090 933 1185 965 στρα-

177 986 230 1022 τιᾷ
259 979 417 1020 γένωνται
446 984 504 1010 τοῦ
529 977 630 1019 μηδὲν
659 979 773 1019 ὅμοιον
800 980 922 1008 παθεῖν
953 977 1055 1017 αὐτὴν
1084 977 1185 1008 ἀνυπ-

179 1035 285 1069 όπτως
313 1035 556 1074 προελθοῦσαν·
591 1031 882 1072 “προσαριθμη’σεις
911 1029 961 1061 δέ’
994 1031 1078 1070 φησί
1106 1030 1187 1067 ττοῖς

178 1086 242 1117 ὑπὸ
271 1090 330 1116 τοῦ
358 1088 455 1125 λιμοῦ
483 1085 659 1123 τεθνηκόσι
687 1084 763 1120 τοὺς
791 1083 913 1122 ἱππεῖς,
940 1082 1002 1113 κᾶν
1029 1083 1092 1114 ὑπὸ
1121 1088 1187 1113 τῶν

180 1138 311 1179 ἐχθρῶν
339 1136 522 1178 ληφθέντες
549 1135 760 1167 ἀπόλωνται”’
786 1136 880 1175 <84>
909 1134 1062 1176 ἀρεσθεὶς
1090 1133 1125 1166 δὲ
1149 1131 1213 1176 τῇῖε

180 1191 294 1231 γνώμῃ
313 1192 384 1221 τότε
404 1192 480 1226 τοὺς
499 1188 744 1230 κατοψομένους
762 1187 948 1228 ἐξέπεμψεν.
985 1189 1019 1219 οἳ
1037 1186 1071 1219 δὲ
1090 1189 1189 1228 κενὴν

180 1242 240 1284 μὲν
264 1243 324 1282 τὴν
348 1243 427 1273 ὁδὸν
450 1244 615 1282 πολεμίων
638 1242 775 1281 ἤνυσαν,
799 1242 920 1282 μεστὴν
944 1239 979 1272 δὲ
1003 1242 1116 1272 σιτίων
1135 1240 1188 1272 καὶ

182 1296 292 1327 ὅπλων
315 1292 429 1336 ηὗρον,
453 1295 472 1326 ἃ
497 1296 551 1325 διὰ
574 1296 610 1325 τὸ
634 1299 754 1334 κοῦφοι
778 1295 860 1334 πρὸς
883 1294 919 1324 τὸ
944 1294 1081 1334 φεύγειν
1105 1291 1188 1324 εἶναι

182 1348 374 1388 ῥιπτοῦντες
402 1347 584 1379 κατέλιπον.
631 1346 721 1378 ταῦτ’
748 1346 890 1383 ἀκούσας
918 1346 934 1377 ὁ
959 1347 1111 1386 βασιλεὺς
1137 1345 1186 1377 ἐπὶ

183 1400 368 1441 διαρπαγὴν
387 1406 452 1431 τῶν
472 1400 507 1431 ἐν
526 1404 570 1442 τῷ
591 1398 797 1442 στρατοπέδῳ
817 1400 853 1430 τὸ
873 1402 1001 1439 πλῆθος
1020 1398 1189 1439 ἐξαφῆκεν.

183 1453 276 1493 <85>
305 1451 431 1490 εὐτελὲς
455 1452 483 1483 δ’
511 1451 610 1484 οὐδὲν
638 1451 709 1484 οὐδ’
737 1452 851 1491 ὀλίγον
875 1452 1078 1492 ὠφελοῦντο,
1107 1451 1188 1483 ἀλλὰ

183 1507 288 1536 πολὺν
308 1504 368 1546 μὲν
387 1506 510 1546 χρυσὸν
529 1507 634 1536 πολὺν
654 1504 683 1536 δ’
705 1505 862 1545 ἄργυρον,
881 1503 998 1544 ἀγέλας
1017 1502 1051 1534 δὲ
1071 1514 1190 1535 παντο-

184 1558 298 1588 δαπῶν
325 1563 454 1597 κτηνῶν
483 1557 680 1598 ἐλάμβανον
710 1558 756 1587 ἐτι
785 1568 821 1596 γε
849 1556 913 1596 μὴν
938 1557 1029 1587 σίτου
1055 1556 1189 1597 μυριάσι

184 1609 234 1640 καὶ
261 1613 394 1650 κριθῆς,
423 1606 474 1647 αἷς
498 1609 569 1641 οὐδ’
596 1611 676 1650 ὄναρ
700 1609 856 1648 ἤλπισαν,
881 1607 1101 1649 ἐπιτυχόντες,
1125 1614 1190 1639 τῶν

185 1660 244 1702 μὲν
267 1661 435 1703 προτέρων
456 1668 564 1693 κακῶν
584 1662 826 1702 ἀπηλλάγησαν,
850 1661 1019 1701 ἀφθονίαν
1039 1659 1068 1691 δ’
1091 1658 1190 1701 εἶχον,
1204 1667 1229 1686 30

257 1725 270 1753 g
287 1725 317 1747 81
340 1735 372 1743 =
393 1725 408 1747 4
422 1722 489 1755 Reg.
506 1722 556 1747 VH
572 1725 612 1747 10.

1199 619 1223 637 10

1202 881 1225 900 15

1204 1405 1229 1425 25
