1261 1917
56 621 80 639 10

56 885 79 903 15

54 1149 79 1168 20

55 1413 79 1432 25

528 55 677 79 EBAOMH
1049 54 1085 84 11
1092 53 1108 84 7

96 136 255 175 τήσαντος
279 139 337 166 τοῦ
361 136 492 174 παιδός,
521 135 581 166 οὐκ
610 134 756 176 ἐτόλμων
784 140 827 177 τῷ
856 137 987 175 βασιλεῖ
1013 140 1110 167 τοῦτο

96 188 234 229 μηνύειν
258 189 292 219 os
314 188 526 229 θεράποντες,
551 189 754 229 λογιζόμενοι
778 188 821 229 μὴ
845 190 945 228 γνοὺς
965 189 1011 220 ἔτι
1031 191 1111 230 μᾶλ-

96 243 156 272 λον
180 240 360 281 ἀπόσχηται
389 240 442 272 καὶ
471 246 596 282 τροφῆς
623 240 676 272 καὶ
705 245 763 281 τῆς
791 241 892 280 ἄλλης
917 240 1110 282 ἐπιμελείας,

97 294 141 330 ὡς
164 293 205 324 ἂν
225 293 276 324 ἐπὶ
296 293 413 325 πένθει
433 293 550 325 τέκνου
569 295 844 334 τετελευτηκότος,
863 293 960 324 ὁπότε
978 293 1031 325 καὶ
1059 306 1112 325 νο-

97 351 235 384 σοῦντος
263 347 367 384 οὕτως
396 347 458 378 ὑπὸ
482 351 539 387 τῆς
567 347 671 387 λύπης
699 347 801 378 αὑτὸν
830 345 956 378 ἐκάκου.
1003 348 1112 387 <156>

96 399 345 440 ταραττομένων
369 399 399 431 6⁷
426 401 626 440 αἰσθόμενος
654 405 720 431 τῶν
746 401 882 431 οἰκετῶν
911 400 928 431 ὁ
957 402 1112 440 βασιλεὺς

94 451 148 483 καὶ
172 457 274 484 ταῦτα
297 454 492 493 πασχόντων
511 453 530 484 ἃ
551 453 690 494 μάλιστα
711 453 898 494 συγκρύψαι
920 465 951 484 τι
971 452 1111 485 θέλουσι

95 506 285 546 συμβαίνει,
313 504 423 543 συνεὶς
448 506 497 537 ὅτι
522 505 682 546 τέθνηκεν
707 506 723 537 ὁ
747 512 838 546 παῖς,
867 507 1111 547 προσφωνήσας

95 557 153 589 ἕνα
181 563 248 589 τῶν
276 558 412 589 οἰκετῶν
440 557 493 589 καὶ
522 559 641 599 μαθὼν
670 557 811 599 τάληθὲς
839 558 1026 599 ἀνίσταται,
1057 558 1111 590 καὶ

95 610 298 651 λουσάμενος
321 610 374 641 καὶ
399 612 511 651 λαβὼν
536 611 659 652 ἐσθῆτα
687 612 808 652 λευκὴν
832 613 879 649 εἰς
903 612 962 652 τὴν
987 612 1112 652 σκηνὴν

94 668 153 695 τοῦ
182 666 265 695 θεοῦ
293 666 521 705 παραγίνεται·
555 666 672 705 <1ῦῖ>
703 664 756 696 καὶ
790 666 946 702 κελεύσεις
975 666 1112 696 δεῖπνον

95 717 182 759 αὑτῷ
210 720 426 757 παραθεῖναι,
459 718 585 757 πολλὴν
619 717 671 749 ἐπὶ
700 723 744 761 τῷ
775 718 962 767 παραλάβῃ,
980 724 1050 755 τοῖς
1078 730 1112 750 τε

94 769 268 810 συγγενέσι
287 769 342 801 καὶ
362 776 430 807 τοῖς
449 769 591 807 οἰκέταις
611 771 764 810 ἔκπληξιν
783 770 955 811 παρέσχεν,
980 771 1029 802 ὅτι
1052 783 1111 811 μη-

95 821 152 853 δὲν
185 823 311 854 τούτων
344 821 395 854 ἐπὶ
430 827 585 854 νοσοῦντι
618 827 662 865 τῷ
692 821 786 853 παιδὶ
817 823 970 862 ποιήσας,
1003 822 1108 854 πάνθ’

95 875 178 916 ὁμοῦ
197 876 462 915 τετελευτηκότος
480 876 626 915 ἔπραττε.
664 875 725 914 τήν
742 873 771 905 τ’
794 876 914 915 αἰτίαν,
934 875 1111 916 δεηθέντες

95 927 265 968 ἐπιτρέψαι
284 933 416 969 πρῶτον
440 927 553 965 αὐτοῖς
571 927 753 967 πυθέσθαι,
773 928 984 969 παρεκάλουν
1004 930 1110 960 εἰπεῖν

94 986 160 1012 τῶν
184 979 419 1021 γεγενημένων.
466 981 574 1021 <158>
599 980 616 1011 ὃ
642 979 671 1011 δ’
694 980 835 1022 ἀμαθεῖς
855 982 957 1012 εἰπὼν
979 982 1110 1022 αὐτούς,

94 1033 266 1065 ἐδίδασκεν
290 1033 334 1071 ὡς
358 1035 404 1065 ἔτι
428 1032 488 1074 μὲν
513 1035 632 1072 ζῶντος
660 1039 719 1065 τοῦ
743 1035 861 1071 παιδὸς
885 1036 969 1075 ἔχων
994 1034 1110 1066 ἐλπίδα

94 1088 256 1128 σωτηρίας
280 1087 382 1118 αὐτοῦ
407 1088 549 1124 δεόντως
572 1086 668 1118 πάντ’
691 1086 804 1127 ἐποίει,
828 1088 886 1118 τὸν
906 1088 989 1119 θεὸν
1013 1088 1110 1128 ἡγού-

93 1151 191 1181 μενος
224 1140 352 1177 τούτοις
390 1140 509 1181 εὐμενῆ
545 1141 773 1180 καταστήσειν·
811 1140 1043 1178 ἀποθανόντος
1076 1140 1107 1172 δ’

94 1192 201 1224 οὐκέτι
234 1195 348 1234 χρείαν
381 1191 465 1224 εἶναι
498 1193 604 1233 λύπης
636 1195 782 1234 ματαίας.
834 1193 925 1225 ταῦτ’
960 1195 1110 1231 εἰπόντος

95 1244 255 1286 ἐπῄνεσαν
280 1246 340 1286 τὴν
363 1248 486 1287 σοφίαν
510 1245 563 1277 καὶ
590 1246 650 1286 τὴν
675 1246 828 1278 διάνοιαν
856 1251 915 1278 τοῦ
940 1246 1109 1288 βασιλέως.

94 1299 269 1329 συνελθὼν
284 1296 320 1329 δὲ
335 1303 372 1340 τῇ
388 1298 520 1338 γυναικὶ
531 1301 699 1340 Βεερσαβῇ
712 1301 831 1339 ἔγκυον
846 1300 950 1340 αὐτὴν
966 1299 1110 1340 ε’ποιήσε,

93 1350 147 1382 καὶ
176 1352 356 1392 γενόμενον
384 1353 485 1393 ἄρρεν
512 1353 647 1383 παιδίον
672 1355 856 1394 Σολομῶνα
885 1354 1109 1394 προσηγόρευ-

94 1412 161 1444 σεν,
185 1404 271 1435 οὕτω
296 1405 441 1436 Ναθανα
466 1410 525 1436 τοῦ
548 1406 722 1446 προφήτου
746 1406 970 1443 κελεύσαντος.

159 1458 277 1497 <159>
302 1456 434 1499 Ἰώαβος
467 1456 503 1489 δὲ
536 1463 573 1499 τῇ
606 1460 780 1501 πολιορκίᾳ
810 1460 888 1496 τοὺς
913 1457 1110 1500 Ἀμμανίτας
1147 1481 1149 1483 ·

95 1511 236 1551 ἰσχυρῶς
256 1509 384 1550 ἐκάκου,
408 1517 475 1542 τῶν
494 1510 529 1542 θ’
551 1511 683 1543 ὑδάτων
705 1512 826 1549 αὐτοὺς
846 1511 1110 1553 ἀποτεμνόμενος

94 1562 147 1594 καὶ
177 1568 234 1604 τῆς
262 1569 328 1594 τῶν
356 1564 467 1595 ἄλλων
495 1564 665 1606 εὐπορίας,
699 1565 743 1602 ὡς
772 1565 861 1596 πάνυ
890 1567 1110 1606 ταλαιπωρεῖν

95 1614 204 1658 ἐνδείᾳ
226 1620 329 1647 ποτοῦ
353 1615 407 1647 καὶ
431 1622 568 1657 τροφῆς·
594 1617 626 1655 ἐξ
647 1618 762 1658 ὀλίγου
783 1618 843 1659 γὰρ
865 1617 1007 1659 φρέατος
1030 1617 1109 1659 ἠρύ-

57 1675 82 1696 ³0
96 1679 202 1708 τοντο,
222 1667 275 1700 καὶ
296 1670 415 1701 τούτου
435 1670 702 1711 τεταμιευμένον,
727 1671 771 1708 ὡς
789 1671 832 1712 μὴ
853 1670 970 1709 τελέως
989 1671 1111 1708 αὐτοὺς

166 1730 180 1760 ξ
203 1731 252 1755 155
272 1742 304 1751 =
325 1733 340 1756 2
359 1730 426 1763 Reg.
447 1730 497 1756 XII
514 1734 554 1757 18.
