1261 1917
547 31 644 56 ΕΚΤΗ
1067 28 1104 58 11

92 110 179 142 ἐάσει
199 112 331 142 δικαίαν
352 111 508 152 ὑποσχεῖν
528 112 611 153 ὑμᾶς
630 112 791 152 τιμωρίαν
806 115 863 150 τῆς
882 111 993 142 αὑτῶν
1011 122 1107 141 κακο-

92 163 249 205 βουλίας.’

159 218 244 257 (43)
278 215 320 258 ἦν
353 217 383 249 6²
419 219 482 258 ἄρα
517 217 569 249 καὶ
604 219 686 258 πρὸς
719 218 776 255 τὰς
808 217 1006 258 προρρήσεις
1040 222 1106 248 τῶν
1126 232 1141 256 6

92 270 352 312 συμβησομένων
381 271 523 312 ἀνόητον
550 272 587 303 τὸ
611 274 750 312 πλῆθος,
774 269 827 302 καὶ
853 271 1017 301 ὁύσκολον
1042 269 1106 307 ἐξε-

63 332 75 350 5
92 327 163 355 λεῖν
186 329 243 364 τῆς
267 325 418 362 διανοίας
441 327 551 365 κρίσιν
578 325 637 364 ἤδη
662 324 749 364 παρὰ
780 328 824 366 τῷ
855 326 1001 366 λογισμῷ
1024 326 1105 354 καθ-

90 376 280 418 ιδρυμένην.
337 376 415 409 οὐδὲ
449 378 511 418 γὰρ
541 377 805 419 ἐπεστράφησαν,
840 375 913 408 οὐδ’
950 375 1106 417 ἐμέλησεν

90 430 202 468 αὐτοῖς
226 436 292 462 τῶν
312 432 514 472 Σαμουήλου
539 433 658 471 λόγων,
682 429 753 462 ἀλλ’
777 430 938 462 ἐνέκειντο
961 433 1106 470 λιπαρῶς

88 482 141 515 καὶ
167 490 368 525 χειροτονεῖν
393 484 508 524 ἠξίουν
534 484 593 524 ἤδη
618 485 676 515 τὸν
696 483 832 525 βασιλέα
856 482 909 514 καὶ
934 483 977 524 μὴ
1003 495 1105 524 φρον-

89 538 188 575 τίζειν
221 542 287 568 τῶν
320 536 499 578 ἐσομένων·
553 538 648 577 <44>
683 536 733 568 ἐπὶ
769 538 830 577 γὰρ
865 538 1005 579 τιμωρία
1039 542 1106 567 τῶν

50 598 75 617 10
90 589 221 631 ἐχθρῶν
249 590 396 631 ἀνάγκην
425 591 483 622 τὸν
511 591 739 631 πολεμήσοντα
773 592 835 622 σὺν
864 590 977 627 αὑτοῖς
1009 591 1105 630 ἔχειν,

88 643 139 675 καὶ
175 642 275 675 οὐδὲν
303 644 428 675 ἄτοπον
457 641 539 675 εἶναι
573 650 639 675 τῶν
668 644 905 684 πλησιοχώρων
934 645 1105 684 βασιλευο-

89 696 198 738 μένων
230 697 290 737 τῆν
323 697 427 736 αὐτὴν
460 698 547 737 ἔχειν
580 697 693 734 αὐτοῖς
725 698 904 728 πολιτείαν.
956 696 1044 737 ὁρῶν
1073 695 1103 727 δ’

89 750 209 787 αὐτοὺς
233 748 308 790 μηὸ’
335 750 398 781 ὑπὸ
423 755 489 781 τῶν
510 749 758 790 προειρημένων
778 748 1068 790 ἀπεστραμμένους
1088 749 1104 781 ὁ

90 804 297 844 Σαμουῆλος,
322 802 393 834 ἀλλ’
421 802 648 844 ἐπιμένοντας,
678 802 756 834 ε’νῦν
780 802 857 843 μέν’
882 800 972 834 εἶπεν
997 802 1105 834 ξἄπιτε

51 862 75 881 15
89 857 171 896 πρὸς
195 856 315 892 αὑτοὺς
338 855 482 894 ἕκαστος,
507 854 756 896 μεταπέμψομαι
782 854 812 886 δ’
837 855 921 896 ὑμᾶς
946 856 992 893 εἰς
1017 855 1104 896 δέον,

90 909 168 940 ὅταν
192 909 289 949 μάθω
308 909 396 949 παρὰ
415 913 474 940 τοῦ
494 912 577 940 θεοῦ
597 910 671 940 τίνα
691 909 830 940 δίδωσιν
849 909 929 950 ὑμῖν
949 908 1106 950 βασιλεάἶ

157 963 241 1001 (45)
270 959 312 1002 ἦν
340 961 379 993 δέ
405 974 455 999 τις
483 961 517 993 ἐκ
545 967 602 1003 τῆς
626 963 857 1003 Βενιαμίτιδος
885 965 994 1003 φυλῆς
1018 962 1138 1003 ἀνὴρ4

89 1013 125 1046 εὖ
149 1015 293 1055 γεγονὼς
311 1014 364 1046 καὶ
385 1015 513 1055 ἀγαθὸς
532 1016 567 1047 τὸ
589 1013 682 1055 ἦθος,
707 1017 827 1052 Κεῖσος
851 1017 963 1056 ὄνομα.
1000 1017 1104 1059 τούτῳ

88 1074 164 1105 παῖς
188 1068 342 1109 ὑπῆρχεν.
389 1066 431 1109 ἣν
451 1067 487 1100 δὲ
506 1070 639 1106 νεανίας
658 1069 718 1109 τὴν
742 1069 876 1109 μορφὴν
899 1069 1032 1109 ἄριστος
1051 1068 1103 1100 καὶ

47 1128 74 1147 20
88 1122 124 1152 τὸ
149 1127 240 1162 σῶμα
265 1120 374 1162 μέγας,
398 1123 435 1153 τό
457 1133 491 1153 τε
511 1123 665 1163 φρόνημα
685 1121 736 1153 καὶ
759 1122 819 1162 τῆν
839 1122 992 1153 διάνοιαν
1016 1122 1106 1163 ἀμεί-

88 1187 157 1206 νων
180 1180 247 1205 τῶν
271 1174 495 1215 βλεπομένων·
530 1175 686 1206 Σάουλον
711 1175 812 1206 αὐτὸν
837 1174 986 1206 ἐκάλουν.
1019 1176 1104 1215 (46)

89 1224 185 1264 οὗτος
209 1227 226 1258 ὁ
251 1229 381 1267 Κεῖσος,
405 1229 493 1259 ὄνων
517 1228 605 1271 αὐτῷ
630 1227 664 1259 ἐκ
688 1233 745 1268 τῆς
767 1233 870 1269 νομῆς
893 1231 1003 1260 καλῶν
1027 1228 1105 1260 ἀπο-

89 1283 324 1320 πλανηθεισῶν
348 1281 458 1321 (ἥδετο
483 1282 544 1321 γὰρ
565 1281 679 1318 αὐταῖς
699 1281 743 1318 ὡς
762 1281 822 1312 οὐκ
841 1282 929 1324 ἄλλῳ
954 1281 1019 1313 τινὶ
1040 1287 1106 1313 τῶν

89 1333 286 1375 κτημάτων),
310 1334 368 1365 τὸν
388 1335 463 1365 υἱὸν
482 1333 557 1375 μεθ’
581 1333 654 1371 ἑνὸς
673 1335 881 1375 θεράποντος
901 1334 950 1366 ἐπὶ
974 1335 1106 1375 ζήτησιν

47 1393 74 1412 2⁵
90 1392 155 1418 τῶν
179 1393 308 1427 κτηνῶν
333 1386 519 1428 ἐξέπεμψεν.
567 1387 584 1418 ὃ
614 1386 643 1418 δ’
671 1387 738 1419 ἐπεὶ
769 1388 829 1428 τὴν
852 1388 992 1429 πάτριον
1016 1399 1106 1429 περι-

90 1443 173 1480 ῆλθε
189 1440 300 1480 φυλὴν
316 1440 496 1481 ἐξερευνῶν
511 1442 568 1478 τὰς
583 1442 692 1481 ὄνους,
707 1442 754 1478 είς
768 1441 825 1478 τὰς
840 1441 941 1478 ἄλλας
960 1441 1106 1482 ἀφίκετο,

90 1492 162 1524 οὐὸ’
181 1493 216 1524 ἐν
232 1494 366 1531 ταύταις
385 1493 548 1535 ἐπιτυχὼν
568 1493 699 1525 ἀπιέναι
721 1495 902 1534 ὁιεγνώκει,
923 1494 966 1535 μὴ
986 1496 1106 1536 ποιήσῃ

89 1545 163 1587 περὶ
192 1547 294 1578 αὑτοῦ
325 1551 369 1589 τῷ
392 1546 490 1587 πατρὶ
515 1548 551 1578 τὸ
576 1548 694 1579 λοιπὸν
718 1548 890 1588 φροντίὸα.
938 1549 1023 1588 <4T>
1047 1553 1106 1580 τοῦ

91 1598 120 1630 δ’
148 1598 309 1640 ἑπομένου
333 1600 550 1640 θεράποντος,
575 1601 618 1638 ὡς
642 1600 795 1640 ἐγένοντο
815 1602 895 1632 κατὰ
914 1601 975 1641 τὴν
992 1600 1107 1642 Ἀρμα-

50 1658 76 1677 ³0
90 1652 157 1683 θὰν
181 1654 293 1692 πόλιν,
323 1650 407 1684 εἶναι
439 1653 614 1694 προφήτην
639 1653 674 1684 ἐν
699 1654 779 1695 αὐτῇ
805 1655 973 1695 φήσαντος
997 1654 1105 1694 ἀληθῆ

195 1716 228 1738 43
250 1727 282 1735 =
305 1717 317 1739 1
338 1714 405 1747 Reg.
426 1714 490 1739 vm
508 1718 546 1740 ιε»,
