1261 1917
490 51 639 76 EBAOMH
1005 49 1067 80 1‘23

50 135 108 171 τῆς
132 135 190 171 σῆς
209 143 261 171 μοι
288 129 305 172 ᾗ
325 133 591 172 φιλανθρωπίας,
615 135 659 174 τῷ
679 136 802 162 σαυτοῦ
822 130 914 162 παιδὶ
934 137 1066 172 πρῶτον

51 183 275 224 καταλλάγηθι
301 184 352 215 καὶ
380 185 440 224 τὴν
463 185 545 225 πρὸς
569 184 670 216 αὐτὸν
694 184 797 225 ὀργὴν
821 185 911 224 ἄφες.
958 184 1065 223 <Ῑ85>

49 242 118 274 πῶς
147 237 208 277 γὰρ
237 236 278 267 ἂν
302 239 476 277 πεισθείην
506 236 580 278 ἐμοί
601 246 635 268 σε
660 237 782 276 ταύτην
807 236 941 276 ἀληθῶς
965 238 1065 268 δεδω-

48 289 139 321 κέναι
168 290 228 330 τὴν
260 290 371 331 χάριν,
405 290 508 321 αὐτοῦ
542 298 602 321 σου
635 289 728 330 μέχρι
764 294 825 320 νῦν
854 289 906 330 ἐφ’
939 290 1065 330 ὁμοίοις

21 351 34 371 5
49 341 322 384 ἀπεχθανομένου
346 348 390 386 τῷ
414 343 533 380 πιιιδι’;’
558 341 675 380 τελέως
699 341 729 373 δ’
752 342 793 373 ἂν
817 342 959 383 ἀνόητον
980 340 1063 374 εἶναι

47 400 91 438 τῷ
106 397 192 437 παρὰ
209 397 343 437 γνώμην
359 396 564 427 ἀποθανόντι
585 404 646 427 σου
667 396 727 438 υῐῷ
743 396 845 427 ἄλλον
864 399 1061 436 προσθεῖναι

47 447 213 486 ἑκουσίως.
260 450 377 489 (1813)
409 451 540 489 συνίησι
575 447 604 479 δ’
639 448 655 480 ὁ
689 450 843 489 βασιλεὺς
875 449 1064 490 ὑπόβλητον

46 499 150 533 οὖσαν
174 503 234 543 τὴν
258 507 379 543 σκῆψιν
404 502 435 540 ἐξ
458 501 593 543 Ἰωάβου
617 500 669 532 καὶ
689 506 747 541 τῆς
766 501 886 532 τούτου
906 502 1063 542 σπουδῆς,

45 561 99 586 και
116 555 227 596 ἐπειδὴ
245 556 332 596 παρὰ
352 561 409 596 τῆς
428 556 646 596 πρεσβύτιδος
661 556 852 595 πυθόμενος
868 554 972 592 οὕτως
988 556 1064 595 ἕχον

20 615 33 636 0
46 606 187 648 τάληθὲς
207 610 320 650 ἔμαθε,
344 608 650 649 προσκαλεσάμενος
669 609 727 639 τὸν
744 606 878 648 Ἰώαβον
898 607 1063 648 ἐπιτυχεῖν

45 672 79 692 τε
102 665 162 692 τοῦ
185 661 404 702 προκειμένου
427 662 508 692 κατὰ
528 665 611 692 νοῦν
636 662 756 700 ἔφασκε
781 659 834 691 καὶ
861 661 920 691 τὸν
933 659 1063 701 Ἀβεσά-

45 716 157 754 λωμον
176 714 269 754 ἄγειν
289 714 470 746 ἐκέλευσεν·
496 715 535 746 οὐ
556 715 617 754 γὰρ
639 715 684 745 ἔτι
704 716 852 754 χαλεπῶς
872 715 958 754 ἔχειν
981 714 1063 753 πρὸς

45 767 161 806 αὐτόν,
193 766 264 798 ἀλλ’
293 768 353 808 ἤδη
378 768 437 807 τὴν
466 768 569 808 ὀργὴν
593 766 645 798 καὶ
671 768 729 798 τὸν
748 767 861 807 θυμὸν
881 766 1062 806 ἀφεικέναι.

44 819 154 859 <18ῖ>
173 819 190 851 ὃ
216 818 251 851 δὲ
275 821 506 860 προσκυνήσας
530 821 588 852 τὸν
607 818 742 860 βασιλέα
767 818 820 850 καὶ
841 820 916 856 τοὺς
942 821 1062 859 λόγους

19 879 31 901 5
45 872 274 914 ἀσπασάμενος
294 873 479 914 ἐξώρμησεν
499 874 545 910 εἰς
564 873 623 913 τὴν
647 873 842 913 Γεθσούραν
865 874 1061 913 παραυτίκα,

44 926 97 958 καὶ
122 927 180 958 τὸν
202 925 429 966 Ἀβεσάλωμον
452 926 653 966 παραλαβὼν
681 923 756 966 ἧκεν
781 926 827 962 είς
841 924 1061 966 Ἱεροσόλυμα.

111 980 226 1019 <188>
255 979 447 1020 προύπεμψε
477 977 507 1009 δ’
535 980 723 1019 ἔμπροσθεν
752 979 769 1010 ὁ
796 980 951 1019 βασιλεὺς
978 980 1060 1019 πρὸς

43 1033 102 1064 τὸν
125 1033 202 1064 υίὸν
225 1032 269 1069 ὡς
295 1032 412 1072 ἤκουσε
435 1033 719 1073 παραγενόμενον,
748 1030 802 1063 καὶ
832 1033 913 1072 πρὸς
942 1030 1060 1063 ἑαυτὸν

45 1084 192 1117 ἐκέλευσε
220 1091 352 1126 χωρεῖν·
386 1085 477 1116 οὔπω
507 1086 568 1126 γὰρ
598 1085 702 1122 οὕτως
731 1086 818 1125 ἔχειν
851 1083 926 1116 ὥστ’
959 1085 1062 1122 εὐθὺς

19 1139 129 1170 θίδεῑν
151 1140 363 1170 κατελθόντα.
405 1138 458 1169 καὶ
479 1138 495 1170 ὃ
516 1138 587 1179 μέν,
611 1142 708 1169 τοῦτο
728 1142 787 1170 τοῦ
810 1139 931 1179 πατρὸς
951 1139 1061 1169 κελεύ-

44 1199 171 1229 σαντος,
196 1191 337 1229 ἐξέκλινε
361 1192 421 1231 τὴν
440 1193 519 1227 ὄψιν
538 1191 641 1222 αὐτοῦ
661 1190 713 1222 καὶ
735 1190 870 1222 διετέλει
896 1196 953 1231 τῆς
972 1192 1059 1231 παρὰ

43 1250 110 1276 τῶν
140 1245 271 1275 οἰκείων
300 1246 478 1285 θεραπείας
506 1244 693 1285 τυγχάνων,
724 1244 832 1284 (182³)
861 1244 921 1275 οὐκ
950 1243 1060 1285 ἐπεβέ-

44 1298 168 1337 βλαπτο
198 1295 227 1326 δ’
257 1297 304 1333 εἰς
332 1297 367 1327 τὸ
396 1296 515 1333 κάλλος
543 1296 607 1327 ὑπό
637 1308 671 1327 τε
699 1301 756 1336 τῆς
785 1297 889 1336 λύπης
918 1296 971 1328 καὶ
1001 1302 1059 1328 τοῦ

44 1349 86 1390 μὴ
115 1349 291 1389 τυγχάνειν
319 1353 377 1389 τῆς
404 1349 633 1389 προσηκούσης
662 1348 846 1389 ἐπιμελείας
875 1350 936 1392 υῐῷ
968 1351 1060 1390 βασι-

20 1401 135 1439 ὃλέως,
160 1400 230 1432 ἀλλ’
254 1403 299 1432 ἔτι
325 1401 424 1442 ἐξεῖχε
449 1400 501 1432 καὶ
527 1400 680 1442 διέπρεπε
703 1402 837 1433 πάντων
861 1407 905 1444 τῷ
928 1401 956 1433 τ’
980 1403 1058 1433 εἴδει

44 1453 97 1486 καὶ
121 1459 164 1497 τῷ
184 1453 317 1495 μεγέθει
337 1459 396 1485 τοῦ
416 1455 574 1495 σώματος,
597 1453 651 1486 καὶ
672 1455 749 1491 τοὺς
769 1454 804 1486 ἐν
824 1457 928 1496 πολλῇ
950 1459 1059 1497 τρυφῇ

46 1506 282 1548 διαιτωμένους
315 1506 524 1548 ὑπερέβαλλε.
576 1512 713 1538 τοσοῦτο
747 1506 859 1548 μέντοι
891 1507 921 1548 γ’
953 1506 993 1548 ἧν
1023 1510 1058 1540 τὸ

46 1560 149 1600 βάθος
177 1565 234 1600 τῆς
261 1561 363 1601 κόμης
387 1560 474 1603 αὐτῷ
499 1560 543 1597 ὡς
566 1562 661 1601 μόλις
689 1560 793 1600 αὐτὴν
823 1560 957 1601 ἡμέραις
980 1561 1059 1593 dno<

45 1614 164 1654 κείρειν
192 1614 290 1651 ὀκτώ,
324 1614 474 1654 σταθμὸν
503 1613 664 1645 ἕλκουσαν
693 1615 826 1650 σίκλους
855 1614 1057 1651 διακοσίους·

7 1673 34 1692 ³⁰
46 1662 135 1697 οὗτοι
165 1665 194 1697 δ’
226 1665 287 1698 εἰσὶ
316 1666 412 1698 πέντε
441 1672 528 1707 μναῖ.
575 1667 683 1706 <190>
713 1666 859 1707 διέτριψε
889 1667 1000 1708 μέντοι
1026 1666 1056 1707 γ’

119 1729 133 1758 ξ
150 1729 199 1753 185
221 1739 253 1748 =
273 1729 287 1752 2
303 1726 371 1760 Reg.
391 1726 454 1752 XIV
473 1730 512 1753 13.
