1261 1917
521 32 645 57 οΓΔοΗ
1025 30 1087 60 247

143 111 196 144 καὶ
230 113 247 144 ὁ
280 111 340 154 μὲν
373 114 545 153 προφήτης
578 111 668 143 ταῦτ’
701 112 844 152 ἐδήλωσε
872 117 916 154 τῷ
945 112 1143 153 mamad-14

77 166 185 207 <363>
210 171 276 197 τῶν
300 164 336 197 δὲ
359 164 434 207 περὶ
454 167 512 197 τὸν
528 165 671 206 ’Ἀχαβον
691 166 798 196 ὄντων
817 166 987 203 τοιούτων,
1010 165 1090 195 κατὰ

76 220 135 251 τὸν
163 219 265 250 αὐτὸν
293 219 410 259 καιρὸν
434 218 450 250 ὁ
475 222 533 250 τοῦ
555 217 695 249 ’Λδάδου
719 218 792 255 υίὸς
815 218 1001 258 βασιλεύων
1024 223 1091 249 τῶν

77 272 200 313 Σύρων
223 270 277 303 καὶ
301 275 497 312 Δαμασκοῦ,
529 271 672 312 δύναμιν
697 270 728 308 ἐξ
753 270 880 310 ἁπάσης
903 275 960 310 τῆς
984 271 1091 311 χώρας

49 332 62 352 ⁵
77 325 274 365 συναγαγὼν
303 324 355 355 καὶ
385 324 576 365 συμμάχους
599 325 676 361 τοὺς
699 323 804 365 πέραν
828 323 1009 364 Εὐφράτου
1033 325 1091 364 βα-

77 377 187 415 σιλέας
218 378 439 418 ποιησάμενος
472 377 648 417 τριάκοντα
680 375 733 408 καὶ
766 377 841 416 δύο,
875 376 1091 418 ἐστράτευσεν

76 429 128 462 ἐπὶ
153 432 211 462 τὸν
231 430 383 471 ’Ἀχαβοω
421 431 529 470 (364)
553 430 570 461 ὃ
596 429 625 461 δ’
649 430 708 461 οὐκ
733 430 779 461 ὢν
804 430 916 471 ὅμοιος
940 430 1028 472 αὐτῷ
1052 434 1089 470 τῇ

76 488 211 526 στρατιᾷ
235 485 317 524 πρὸς
341 483 448 524 μάχην
472 481 532 524 μὲν
556 483 596 515 οὐ
620 483 831 524 παρετάξατο,
855 483 962 514 πάντα
987 482 1017 514 δ’
1045 483 1091 519 εἰς

76 537 132 574 τὰς
151 537 360 578 ὀχυρωτάτας
378 538 490 574 πόλεις
510 536 678 576 ἐγκλείσας
697 537 735 567 τὰ
755 535 791 567 ἐν
810 541 847 577 τῇ
868 536 968 578 χώρᾳ,
992 536 1091 572 αὐτὸς

39 600 62 620 ιο
77 588 136 631 μὲν
160 591 288 630 ἔμεινεν
313 589 348 621 ἐν
368 591 540 632 Σαμαρείᾳ
561 588 664 631 (τείχη
690 590 751 631 γὰρ
774 589 855 630 αὐτῇ
877 591 952 620 λίαν
972 589 1090 629 ἰσχυρὰ

76 642 318 684 περιεβέβλητο,
338 642 391 674 καὶ
412 640 513 674 τᾶλλα
534 643 723 680 δυσάλωτος
739 642 870 683 ἐδόκει),
891 642 908 673 ὁ
928 640 963 673 δὲ
981 642 1092 682 Σύρος

76 695 252 736 ἀναλαβὼν
280 696 339 736 τὴν
368 697 513 737 δύναμιν
541 693 617 736 ἧκεν
641 695 693 727 ἐπὶ
717 696 777 736 τὴν
802 695 1008 736 Σαμάρειαν,
1037 693 1090 726 καὶ

75 751 294 789 περικαθίσας
308 749 389 790 αὐτῇ
405 750 463 780 τὸν
475 750 614 789 στρατὸν
630 748 826 789 ἐπολιόρκει·
842 749 950 788 <365>
962 747 1092 789 πέμψας

77 800 113 832 δὲ
146 802 271 843 κήρυκα
301 803 384 842 πρὸς
407 801 551 843 ’Ἁχαβον
582 801 673 841 ἠξίου
701 801 903 842 πρεσβευτὰς
932 800 1091 838 δέξασθαι

39 865 62 884 15
77 853 154 895 παρ’
176 854 289 894 αὐτοῦ,
315 853 358 885 δι’
381 852 428 886 ὧν
452 855 540 896 αὐτῷ
565 855 704 894 δηλώσει
729 855 762 885 τί
779 854 941 894 βούλεται.
979 858 1038 884 τοῦ
1058 852 1088 884 δ’

74 906 284 948 Ἰσραηλιτῶν
307 906 467 948 βασιλέως
490 906 629 948 πέμπειν
654 906 904 948 ἐπιτρέψαντος,
935 906 1092 944 ἐλθόντες

77 961 111 992 οἱ
127 959 280 1001 πρέσβεις
300 961 414 1000 ἔλεγον
433 959 503 991 κατ’
522 959 659 1000 ἐντολὴν
676 964 735 991 τοῦ
751 959 911 1000 βασιλέως
925 961 984 991 τὸν
1001 959 1092 1000 Ἀχά-

78 1015 140 1054 βου
172 1016 317 1044 πλοῦτον
350 1012 403 1044 καὶ
437 1013 476 1044 τὰ
508 1012 605 1044 τέκνα
635 1012 737 1044 αὐτοῦ
766 1012 819 1044 καὶ
848 1013 905 1050 τὰς
933 1019 1092 1053 γυναῖκας

75 1064 215 1097 Ἀδάδου
238 1066 426 1106 τυγχάνειν·
452 1065 493 1097 ἂν
518 1065 547 1096 δ’
571 1065 757 1107 ὁμολογήσῃ
781 1065 833 1097 καὶ
856 1068 971 1106 λαβεῖν
990 1066 1092 1097 αὐτὸν

36 1129 63 1148 20
77 1119 202 1150 τούτων
227 1119 286 1150 ὅσα
311 1119 464 1159 βούλεται
490 1119 696 1160 συγχωρήσῃ,
720 1119 779 1158 τὴν
802 1120 958 1160 στρατιὰν
977 1119 1092 1157 ἀπάξει

77 1170 130 1202 καὶ
159 1172 318 1203 παύσεται
347 1174 535 1213 πολιορκῶν
563 1171 674 1202 αὐτόν.
722 1172 830 1212 <366>
855 1171 872 1203 ὁ
898 1170 927 1202 δ’
951 1171 1092 1213 ’Ἁχαβος

77 1230 146 1261 τοῖς
173 1224 351 1265 πρέσβεσιν
380 1224 528 1256 ἐκέλευσε
556 1228 751 1266 πορευθεῖσι
781 1224 890 1265 λέγειν
913 1225 1024 1256 αὐτῶν
1047 1229 1092 1267 τῷ

78 1279 208 1318 βασιλεῖ
234 1278 282 1308 ὅτι
311 1275 364 1308 καὶ
394 1277 492 1314 αὐτὸς
520 1276 574 1308 καὶ
603 1278 637 1309 οἱ
661 1277 789 1309 ἐκείνου
812 1278 932 1315 πάντες
955 1276 1089 1318 κτήματ’

79 1329 163 1361 εἰσὶν
187 1330 297 1361 αὐτοῦ.
341 1330 448 1369 <36ῖ>
473 1334 575 1361 ταῦτα
600 1329 629 1361 δ’
657 1330 942 1370 ἀπαγγειλάντων,
973 1330 1092 1372 πέμπει

39 1393 63 1413 25
78 1383 178 1414 πάλιν
197 1384 279 1423 πρὸς
294 1382 395 1414 αὐτὸν
411 1382 522 1422 ἀξιῶν,
541 1383 817 1424 ἀνωμολογηκότα
833 1381 918 1414 εἶναι
933 1384 971 1414 τὰ
986 1384 1092 1415 πάντα

79 1435 221 1475 ἐκείνου,
255 1435 413 1473 δέξασθαι
442 1437 519 1472 τοὺς
547 1435 848 1477 πεμφθησομένους
876 1437 923 1473 εἰς
950 1437 1010 1477 τὴν
1039 1436 1093 1468 ε’π-

79 1493 196 1520 ιοῦσαν
221 1487 275 1520 ὑπ’
298 1488 400 1520 αὐτοῦ
425 1490 578 1526 δούλους
604 1484 654 1526 οἷς
673 1488 868 1530 ἐρευνήσασι
888 1489 926 1521 τά
946 1502 979 1521 τε
1001 1491 1093 1530 βασί-

79 1545 149 1573 λεια
168 1541 221 1573 καὶ
242 1543 319 1579 τοὺς
338 1548 404 1573 τῶν
423 1544 532 1582 φίλων
551 1541 605 1573 καὶ
625 1548 797 1582 συγγενῶν
816 1546 928 1580 οῖ’κους
945 1542 1094 1574 ἐκέλευσε

81 1595 210 1627 διδόναι
238 1600 304 1626 πᾶν
333 1595 350 1626 ὅ
374 1607 404 1626 τι
429 1594 470 1626 ἂν
494 1594 530 1626 ἐν
554 1594 667 1632 αὐτοῖς
691 1595 811 1636 εὕρωσι
835 1595 1024 1636 κάλλιστον,
1054 1596 1092 1626 τὰ

41 1657 66 1675 30
81 1646 110 1678 δ’
137 1647 344 1689 ἀπαρέσαντα
374 1647 425 1680 σοὶ
450 1649 714 1685 καταλείψουσιν.
762 1649 870 1689 <368>
894 1648 1036 1690 ’Ἄχαβος
1060 1648 1090 1680 δ’

152 1711 166 1740 ξ
181 1711 232 1735 363
253 1722 284 1730 =
305 1711 320 1734 3
336 1709 404 1742 Reg.
424 1708 473 1734 XX
490 1712 512 1734 1.
