1261 1917
548 31 644 55 EKTH
1065 28 1107 60 39

94 110 183 143 ταῦτ’
201 112 303 142 εἰπὼν
315 111 522 152 ἀνεχώρησεν
537 112 584 148 εἰς
598 112 634 142 τὸ
650 116 716 142 τῶν
729 111 860 141 οἰκείων
876 110 1107 151 στρατόπεδον.

93 169 129 205 τῇ·
162 163 192 195 δ’
226 163 362 205 ἐχομένῃ
395 164 495 196 πάλιν
529 163 638 196 ἐλθὼν
671 165 748 201 τοὺς
780 163 900 200 αὐτοὺς
933 163 1107 204 ἐποιήσατο

94 219 226 258 λόγους,
254 216 306 248 καὶ
336 216 430 258 μέχρι
463 215 697 257 τετταράκονθ’
729 216 859 257 ’ἡμερῶν
892 216 932 248 οὐ
965 216 1107 248 διέλειπε

92 271 359 311 προκαλούμενος
384 270 435 302 ἐπὶ
460 276 529 308 τοῖς
552 269 803 311 προειρημένοις
824 271 901 307 τοὺς
919 272 1107 310 πολεμίους,

66 333 78 352 5
93 323 136 360 ὡς
159 326 406 364 καταπλαγῆναι
430 323 532 355 αὐτόν
550 335 585 355 τε
604 324 662 355 τὸν
682 323 838 354 Σάουλον
858 322 911 354 καὶ
932 323 992 363 τὴν
1011 332 1107 363 στρα-

91 377 174 408 τιάν.
211 375 265 407 καὶ
284 377 523 417 παρετάττοντο
543 375 604 418 μὲν
619 377 663 414 ὡς
683 377 728 413 εἰς
748 376 865 417 μάχην,
885 375 945 407 οὐκ
967 376 1106 417 ἤρχοντο

92 428 122 460 δ’
149 430 196 466 εἰς
219 435 338 470 χεῖρας.

159 484 266 522 <1ῖὸ>
290 488 349 514 τοῦ
374 482 410 514 δὲ
433 483 579 524 πολέμου
601 484 838 523 συνεστηκότος
857 489 926 520 τοῖς
941 482 1107 524 Ἑβραίοις
1127 490 1141 512 2

92 534 144 566 καὶ
166 542 234 573 τοῖς
249 538 496 575 Παλαιστινοῖς,
516 536 533 568 ὁ
550 536 702 573 Σάουλος
721 535 862 567 ἀπέλυσε
880 537 939 567 τὸν
953 537 1108 576 Δαυίδην

53 600 78 619 ιο
92 590 173 629 πρὸς
197 590 255 620 τὸν
274 589 396 630 πατέρα
414 588 581 627 Ἰεσσαῖον,
606 589 808 630 ἀρκούμενος
828 589 931 620 αὐτοῦ
950 595 1019 627 τοῖς
1040 601 1108 630 τρι-

92 641 146 673 σὶν
180 643 281 682 υἱοῖς,
318 642 376 679 οὓς
410 641 461 674 ἐπὶ
500 645 688 683 συμμαχίαν
725 641 778 673 καὶ
816 644 893 680 τοὺς
929 643 1108 680 κινδύνους

92 696 244 736 ἔπεμψεν.
291 696 400 735 <176>
424 695 441 726 ὃ
466 693 502 726 δὲ
526 697 562 727 τὸ
587 693 648 736 μὲν
671 701 803 736 πρῶτον
828 694 879 726 ἐπὶ
908 696 946 726 τὰ
970 697 1108 736 ποίμνια

91 748 192 779 πάλιν
224 747 277 779 καὶ
310 749 367 785 τὰς
400 749 502 789 νομὰς
534 754 600 779 τῶν
633 748 848 789 βοσκημάτων
882 750 1108 789 παραγίνεται,

91 800 160 841 μετ’
192 801 231 831 οὐ
263 803 348 832 πολὺ
382 800 418 832 δὲ
451 803 576 842 ἔρχεται
607 803 689 841 πρὸς
722 802 758 832 τὸ
790 802 1013 842 στρατόπεδον
1041 807 1108 833 τῶν

54 865 78 884 15
90 853 251 895 Ἑβραίων
278 854 443 895 πεμφθεὶς
472 855 534 886 ὑπὸ
562 859 621 886 τοῦ
654 856 776 895 πατρὸς
809 857 941 895 κομίσαι
974 866 1007 886 τε
1038 860 1108 892 τοῖς

92 906 250 947 ἀδελφοῖς
273 907 392 948 ἐφόδια
415 907 469 938 καὶ
494 913 618 947 γνῶναι
642 909 677 938 τί
697 907 886 948 πράττουσι.
919 908 1027 947 <177>
1048 913 1107 939 τοῦ

92 958 128 991 δὲ
158 960 327 992 Γολιάθου
354 961 454 992 πάλιν
483 960 643 998 ἐλθόντος
670 959 723 992 καὶ
752 960 1024 1002 προκαλουμένου
1052 960 1106 992 καὶ

91 1013 310 1051 ὀνειδίζοντος
333 1014 382 1045 ὅτι
402 1014 517 1054 μηδείς
537 1013 626 1045 ἐστιν
645 1014 798 1055 ἀνδρεῖος
818 1013 854 1045 ἐν
873 1014 986 1051 αὐτοῖς
1005 1014 1042 1051 ὃς
1061 1016 1108 1052 εἰς

91 1067 196 1108 μα’χην
225 1066 312 1110 αὐτῷ
340 1070 443 1109 τολμᾷ
474 1069 670 1108 καταβῆναι,
703 1067 823 1108 μεταξὺ
852 1073 921 1104 τοῖς
950 1067 1108 1108 ἀδελφοῖς

20 1129 46 1148 2³
91 1119 215 1160 ὁμιλῶν
230 1120 247 1152 ὁ
262 1121 413 1160 Δαυίδης
427 1119 501 1161 περὶ
522 1118 569 1152 ὧν
585 1120 770 1152 ἐπέστειλεν
790 1121 806 1153 ὁ
827 1122 943 1161 πατήρ,
964 1120 1107 1158 ἀκούσας

91 1173 366 1213 βλασφημοῦντος
394 1173 454 1213 τὴν
483 1173 640 1213 στρατιὰν
663 1172 717 1204 καὶ
741 1175 929 1211 κακίζοντος
954 1178 1012 1205 τοῦ
1036 1176 1107 1204 Πα-

90 1227 262 1256 λαιστινοῦ
285 1225 499 1266 ἠγανάκτησε,
528 1225 581 1256 καὶ
606 1227 688 1266 πρὸς
711 1227 788 1263 τοὺς
812 1226 980 1267 ἀδελφοὺς
1003 1227 1106 1258 αὐτοῦ

91 1275 182 1309 εἶπεν
206 1276 343 1318 ἑτοίμως
367 1279 453 1319 ἔχειν
477 1284 702 1319 μονομαχῆσαι
727 1284 771 1322 τῷ
795 1282 950 1323 πολεμίῳ.
998 1281 1106 1320 (HS)

90 1332 172 1371 πρὸς
196 1330 292 1362 τοῦθ’
318 1331 334 1362 ὁ
358 1332 581 1372 πρεσβύτατος
604 1338 671 1363 τῶν
695 1332 850 1373 ἀδελφῶν
876 1331 1024 1374 Ἐλίαβος
1053 1332 1107 1364 ἐπ-

51 1395 76 1414 25
91 1383 229 1424 ε’πληξεν
256 1384 359 1427 αὐτῷ,
388 1386 629 1426 τολμηρότερον
653 1384 728 1425 παρ’
756 1385 887 1425 ἡλικίαν
915 1385 966 1417 καῖ
993 1385 1105 1427 ἀμαθῆ

91 1442 149 1469 τοῦ
173 1438 397 1478 προσήκοντος
422 1439 537 1477 εἰπών,
566 1437 718 1470 ἐκέλευσέ
744 1450 777 1469 τε
801 1440 883 1479 πρὸς
906 1440 945 1470 τὰ
969 1441 1107 1480 ποίμνια

91 1490 142 1522 καὶ
168 1492 226 1522 τὸν
241 1490 364 1531 πατέρα
384 1492 539 1532 βαδίζειν.
577 1490 806 1528 καταιδεσθεὶς
825 1490 861 1523 δὲ
881 1493 939 1523 τὸν
959 1491 1107 1532 ἀδελφὸν

91 1544 315 1585 ὑπεχώρησεν,
343 1543 397 1575 καὶ
425 1546 508 1584 πρός
535 1557 628 1582 τινας
656 1550 722 1576 τῶν
751 1551 960 1585 στρατιωτῶν
988 1545 1106 1576 ἀπελα-

92 1600 190 1637 λησεν
219 1597 268 1629 ὅτι
296 1597 392 1629 θέλοι
420 1598 583 1639 μάχεσθαι
611 1603 655 1641 τῷ
683 1597 951 1641 προκαλουμένῳ.
999 1599 1106 1639 <179>

54 1659 80 1678 80
93 1651 312 1690 δηλωσάντων
340 1650 369 1682 δ’
397 1651 501 1689 εὐθὺς
524 1656 568 1694 τῷ
593 1652 734 1695 Σαούλῳ
764 1651 824 1692 τὴν
848 1656 906 1683 τοῦ
931 1653 1107 1683 νεανίσκου

164 1714 178 1743 ς
196 1715 245 1738 174
265 1725 297 1733 =
320 1715 332 1737 1
349 1712 416 1746 Reg.
437 1712 514 1738 XVII
531 1715 570 1738 ω.
