1261 1917
188 63 252 93 2:34
554 62 825 86 ΑΡΧΑΙΟΛΟΓΙΑΣ

186 153 291 175 πιστο.
316 143 423 183 <397>
435 140 476 183 ἧν
487 141 516 173 δ’
532 141 565 173 ἐκ
580 140 640 183 μὲν
654 146 711 182 τῆς
719 140 825 173 Ἰούδα
840 144 947 181 φυλῆς
958 142 1093 182 στρατὸς
1104 141 1194 172 ὁπλι-

187 202 252 227 τῶν
272 196 428 237 μυριάδες
446 195 630 237 τριάκοντα,
650 192 697 226 ὧν
713 193 861 231 Ἐδναῖος
879 194 939 234 τὴν
957 194 1136 234 ἡγεμονίαν
1151 191 1194 225 εἷ-

186 261 253 289 χεν,
261 248 414 289 Ἰωαννῆς
425 247 460 279 δὲ
471 248 641 289 μυριάδων
652 251 762 278 εἴκοσι.
783 247 799 278 ὁ
811 246 840 278 δ’
852 247 949 284 αὐτὸς
959 244 1054 283 οὗτος
1065 246 1194 287 ’ἡγεμὼν

187 302 221 333 ἐκ
236 306 293 342 τῆς
308 301 536 342 Βενιαμίτιδος
552 303 659 341 φυλῆς
678 297 742 341 εἶχε
757 300 899 337 τοξοτῶν
913 301 1017 337 πεζῶν
1032 299 1194 341 μυριάδας

187 358 297 385 εἴκοσι.
344 355 442 391 ἄλλος
466 352 495 384 δ’
521 353 666 393 ἡγεμών,
691 351 862 393 Ὀχόβατος
885 353 1003 392 ὄνομα,
1031 351 1193 393 μυριάδας

186 407 329 438 ὁπλιτῶν
348 407 566 438 ὀκτωκαίδεκα
581 406 617 437 τὸ
632 408 761 445 πλῆθος
779 409 823 447 τῷ
842 407 972 446 βασιλεῖ
988 404 1192 446 προσένειμε,

185 460 284 501 πάρεξ
309 457 356 491 ὧν
380 460 426 496 εἰς
449 459 506 496 τὰς
530 458 737 499 ὀχυρωτάτας
761 456 916 498 διέπεμψε
940 459 1059 494 πόλεις.

253 512 360 553 <398>
389 512 526 552 ἠγάγετο
556 510 592 542 δὲ
618 515 662 553 τῷ
685 509 777 541 παιδὶ
803 509 945 552 Ἰωράμῳ
969 510 1029 550 τὴν
1054 509 1192 550 Ἀχάβου

185 565 369 606 θυγατέρα,
397 569 456 595 τοῦ
483 570 549 595 τῶν
578 563 656 594 δέκα
682 566 798 603 φυλῶν
822 562 995 603 βασιλέως,
1025 563 1192 593 Γοθολιάν

185 619 297 658 ὄνομα.
330 616 537 659 πορευθέντα
556 615 586 647 δ’
609 616 710 647 αὐτὸν
729 616 807 656 μετὰ
826 617 948 656 χρόνον
966 615 1040 646 τινὰ
1059 616 1106 652 εἰς
1124 617 1192 646 Σα-

185 671 323 711 μάρειαν
339 668 698 711 φιλοφρόνως’Ἀχαβος
712 667 900 707 ὑπεδέξατο,
915 667 967 698 καὶ
984 668 1041 699 τὸν
1056 667 1192 699 ἀκολου-

186 724 335 763 θήσαντα
346 723 486 764 στρατὸν
501 720 622 759 ἐξένισε
637 724 793 762 λαμπρῶς
806 723 898 752 σίτου
913 732 947 751 τε
961 719 1014 751 καὶ
1030 723 1124 751 οἴνου
1138 718 1192 751 καὶ

184 776 344 816 θυμάτων
363 775 522 817 ἀφθονίᾳ,
541 773 741 815 παρεκάλεσέ
758 785 791 804 τε
812 778 1018 814 συμμαχῆσαι
1038 773 1118 804 κατὰ
1133 777 1192 804 τοῦ

185 830 307 869 Σύρων
331 827 500 869 βασιλέως,
524 827 578 858 ἰ’να
600 827 660 867 τὴν
680 826 715 857 ἐν
734 831 772 868 τῇ
794 826 966 867 Γαλαδηνῇ
986 827 1083 856 πόλιν
1100 824 1191 866 Ἀρα-

184 883 296 922 μαθὰν
325 880 496 922 ἀφέληται·
539 880 646 920 <399>
675 884 734 910 τοῦ
763 880 824 920 γὰρ
852 880 974 920 πατρὸς
1002 878 1105 918 αὐτὴν
1133 882 1191 909 τοῦ

184 933 285 965 αὐτοῦ
305 939 436 975 πρῶτον
455 933 684 974 τυγχάνουσαν
704 931 896 972 ἀφῃρῆσθαι
917 932 974 962 τὸν
990 930 1117 962 ἐκείνου
1131 942 1191 962 πα-

184 986 268 1027 τέρα.
302 991 360 1017 τοῦ
381 984 415 1017 δὲ
433 985 633 1026 Ἰωσαφάτου
653 984 712 1024 τὴν
732 985 893 1025 βοήθειαν
913 982 1191 1024 ἐπαγγειλαμένου

184 1038 248 1080 (καὶ
280 1040 341 1079 γὰρ
371 1037 455 1070 εἶναι
480 1039 622 1078 δύναμιν
646 1037 732 1079 αὐτῷ
757 1036 798 1077 μὴ
824 1036 943 1067 ἐλάττω
968 1040 1024 1076 τῆς
1049 1035 1190 1077 ἐκείνου)

1207 627 1232 646 10

1207 890 1231 909 15

183 1091 236 1123 καὶ
261 1090 555 1132 μεταπεμψαμένου
583 1090 643 1130 τὴν
667 1090 809 1130 δύναμιν
834 1088 864 1126 ἐξ
885 1088 1120 1129 Ἱεροσολύμων
1145 1090 1190 1125 εἰς

184 1145 386 1185 Σαμάρειαν,
409 1144 663 1184 προεξελθόντες
687 1142 746 1179 ἔξω
770 1147 826 1182 τῆς
850 1143 974 1178 πόλεως
998 1142 1031 1171 οἱ
1053 1142 1113 1171 δύο
1133 1143 1189 1182 βα·
1205 1154 1215 1171 2

184 1200 299 1235 σιλεῖς,
331 1196 384 1228 καὶ
417 1198 614 1232 καθίσαντες
642 1194 693 1226 ἐπὶ
721 1200 780 1226 τοῦ
810 1195 898 1225 ἰδίου
927 1195 1054 1234 θρόνου
1083 1193 1189 1224 ἑκάτε-

183 1262 249 1290 ρος,
269 1256 338 1286 τοῖς
357 1250 490 1286 οἰκείοις
504 1249 716 1289 στρατιώταις
730 1249 765 1278 τὸ
782 1247 1014 1288 στρατιωτικὸν
1029 1245 1188 1286 διένεμον.

183 1304 290 1343 <s4‹1›0>
308 1301 506 1342 Ἰωσαφάτης
526 1300 556 1332 δ’
575 1300 754 1340 ἐκέλευσεν,
778 1303 811 1331 εἶ’
825 1299 912 1337 τινές
931 1300 993 1330 εἰσι
1013 1304 1189 1340 προφῆται,

181 1354 351 1387 καλέσαντ’
378 1355 498 1391 αὐτοὺς
526 1354 698 1395 ἀνακρῖναι
727 1352 801 1394 περὶ
829 1358 886 1393 τῆς
915 1351 966 1383 ἐπὶ
993 1353 1050 1383 τὸν
1074 1352 1189 1392 Σύρον

183 1408 307 1448 ἐξόδου,
332 1409 361 1439 εἰ
385 1408 648 1449 συμβουλεύουσι
672 1405 740 1437 κατ’
766 1405 892 1437 ἐκεῖνον
916 1406 973 1436 τὸν
996 1405 1112 1445 καιρὸν
1136 1403 1185 1435 ἐπ’

182 1460 283 1491 αὐτὸν
310 1461 512 1500 ποιήσασθαι
536 1460 596 1499 τὴν
620 1460 804 1500 στρατείαν·
834 1457 887 1489 καὶ
912 1459 973 1498 γὰρ
998 1458 1110 1498 εἰρήνη
1133 1455 1187 1488 καὶ

182 1515 276 1554 φιλία
304 1515 376 1544 τότε
403 1518 447 1555 τῷ
473 1512 596 1555 Ἀχάβῳ
624 1513 705 1553 πρὸς
729 1512 786 1543 τὸν
810 1512 924 1551 Σύρον
948 1511 1106 1551 ὑπῆρχεν,
1135 1508 1186 1540 ε’πι

181 1565 248 1607 τρί’
275 1567 329 1605 «ἐτη
354 1567 546 1606 διαμείνασα
576 1577 622 1605 αφ
660 1562 699 1595 οὑ
723 1564 834 1604 λαβὼν
857 1563 958 1594 αὐτὸν
982 1562 1187 1603 αἰχμάλωτον

180 1617 342 1649 ἀπέλυσεν
365 1619 439 1659 ἄχρι
464 1617 588 1657 ἐκείνης
612 1630 668 1657 της
691 1616 820 1657 ἡμερας.
861 1616 967 1654 <401>
992 1613 1169 1651 καλέσαςὸ
1153 1613 1182 1644 δ’

251 1690 265 1719 ξ
285 1690 335 1713 397
357 1700 389 1708 =
410 1690 424 1712 2
445 1686 532 1712 Paral.
554 1685 629 1711 XVII
647 1689 686 1711 14.
783 1688 796 1716 ξ
817 1687 866 1710 393
889 1702 920 1705 --
942 1687 956 1709 3
977 1684 1044 1716 Reg.
1064 1683 1140 1709 XXII
1156 1686 1183 1714 23

180 1735 195 1757 ‘2
211 1731 300 1757 Paral.
321 1731 408 1757 XVIII
427 1734 447 1756 1.

1202 1413 1226 1433 25
