1261 1917
507 39 631 64 omon
1012 37 1076 69 253

54 119 200 151 ’Ἄδαδον
231 121 289 151 τὸν
322 121 604 161 βλασφημήσαντα
638 121 684 157 εἰς
713 119 814 151 αὐτὸν
842 120 1078 160 μετελεύσεται,

63 172 116 205 καὶ
136 173 264 213 ποιήσει
285 171 319 204 σὲ
339 171 399 213 μὲν
419 173 604 204 ἀποθανεῖν
623 171 678 204 ὑπ’
702 171 840 212 ἐκείνου,
862 174 920 203 τὸν
940 171 975 204 δὲ
996 173 1078 204 λαὸν

62 227 127 258 ὑπὸ
147 231 204 266 τῆς
224 230 377 266 στρατιᾶς
397 225 508 257 αὐτοῦ.
546 223 768 266 παροξυνθεὶς
787 224 816 255 δ’
836 224 977 266 ’Ἀχαβος
996 227 1078 266 πρὸς

62 280 122 311 τὸν
145 280 330 320 προφήτην,
354 279 412 310 τὸν
431 276 492 319 μὲν
512 277 744 318 ἐγκλεισθέντα
765 277 990 318 φυλάττεσθαι
1012 278 1077 309 ε’κέ-

36 335 195 371 5λευσεν,
224 331 466 372 συγκεχυμένος
495 329 525 361 δ’
552 330 651 367 αὐτὸς
680 329 731 361 ἐπὶ
758 336 828 368 τοῖς
851 333 1001 372 Μιχαίου
1025 332 1077 362 λόκ

64 398 135 426 γοις
158 384 365 426 ἀνεχώρησεν
389 385 436 421 εἰς
458 384 519 423 τὴν
543 384 676 415 οἰκείαν.

132 438 240 479 <393>
264 436 315 469 καὶ
334 437 474 478 ’Ἄχαβος
498 435 559 478 μὲν
583 436 619 468 ἐν
643 437 772 474 τούτοις
796 434 846 477 ἦν,
871 436 1020 478 ἐπάνειμι
1045 436 1076 468 δ’
1093 437 1132 467 15

65 491 116 524 ἐπὶ
141 493 199 523 τὸν
219 491 457 532 Ἱεροσολύμων
481 489 617 530 βασιλέα
638 488 850 530 Ἰωσάφατον,
876 490 912 527 ὃς
936 490 1079 530 αὐξήσας

64 545 124 585 τὴν
148 546 319 585 βασιλείαν
342 542 393 574 καὶ
421 543 579 584 δυνάμεις
603 542 639 574 ἐν
662 549 733 580 ταῖς
756 544 870 574 πόλεσι
895 549 966 581 ταῖς
986 543 1021 575 ἐν
1040 548 1078 585 τῇ

26 609 51 628 10
65 603 131 630 τῶν
156 598 310 637 ὑπηκόων
334 597 423 638 χώρᾳ
447 597 660 636 καταστήσας,
685 594 786 627 οὐδὲν
809 593 908 636 ἧττον
931 602 1002 633 ταῖς
1027 596 1078 628 ἐπὶ

61 650 152 692 Ἀβία
163 655 222 681 τοῦ
233 650 367 681 πάππου
382 650 664 689 καταληφθείσαις
678 653 736 689 τῆς
748 647 930 690 Ἐφραίμου
940 652 1079 690 κληρου-

65 705 148 744 χίας,
158 702 368 744 Ἱεροβοάμου
379 703 611 743 βασιλεύοντος
621 707 688 733 τῶν
699 701 776 733 δέκα
787 705 915 743 φυλῶν,
930 703 1080 744 φρουρὰς

66 756 316 796 ἐγκαθίδρυσεν.
355 756 462 795 <394>
484 754 555 786 ἀλλ’
579 753 664 795 εἶχεν
684 755 818 796 εὐμενές
837 767 870 786 τε
890 755 943 786 καὶ
964 764 1079 796 συνερ-

66 810 127 850 γὸν
151 810 186 840 τὸ
212 812 318 846 θεῖον,
343 809 470 845 δίκαιος
490 808 536 839 ὢν
555 807 608 838 καὶ
629 807 765 848 εὐσεβὴς
784 807 838 839 καὶ
858 809 892 838 τί
908 807 985 839 καθ’
1009 807 1079 840 ἑκά·

27 872 50 892 15
66 871 147 903 στην
170 861 296 903 ἡμέραν
322 861 383 901 ἡδὺ
407 862 535 901 ποιήσει
559 860 612 892 καὶ
633 859 795 902 προσηνὲς
814 866 858 904 τῷ
877 864 946 904 θεῷ
968 862 1079 901 ζητῶν.

67 915 186 956 ἐτίμων
206 914 236 945 δ’
255 915 356 946 αὐτὸν
376 914 410 945 οἵ
426 913 519 954 πέριξ
539 915 685 954 βασιλεῖς
704 914 853 955 δωρεαῖς,
873 914 916 951 ὡς
935 916 1080 946 πλοῦτόν

66 979 99 1000 τε
123 973 257 1008 ποιῆσαι
282 968 473 1008 βαθύτατον
497 965 550 998 καὶ
575 966 676 1004 δόξαν
699 967 845 1007 ἅρασθαι
870 969 1035 1008 μεγίστην.

132 1021 240 1061 <395>
260 1022 357 1063 τρίτῳ
378 1019 413 1051 δὲ
434 1024 491 1061 τῆς
510 1022 679 1061 βασιλείας
698 1021 761 1051 ἔτει
782 1020 985 1060 συγκαλέσας
1003 1022 1081 1058 τοὺς
1100 1028 1115 1050 2

66 1074 228 1115 ἡγεμόνας
256 1078 314 1114 τῆς
341 1074 448 1114 χώρας
475 1072 529 1104 καὶ
558 1074 635 1110 τοὺς
660 1074 759 1115 ἱερεῖς
784 1073 911 1105 ἐκέλευε
934 1074 995 1114 τὴν
1019 1079 1082 1115 γῆν

27 1137 53 1156 20
67 1128 304 1168 περιελθόντας
328 1127 455 1157 ἅπαντα
479 1127 537 1157 τὸν
561 1127 642 1157 λαὸν
666 1127 724 1157 τὸν
748 1125 803 1158 ὑπ’
826 1126 928 1158 αὐτὸν
952 1126 1081 1165 διδάξαι

68 1181 147 1211 κατὰ
171 1181 282 1217 πόλεις
302 1181 377 1211 τοὺΊ
396 1178 560 1216 vaffe'og
580 1181 712 1220 νόμους,
736 1178 789 1210 καὶ
809 1180 988 1220 φυλάττειν
1007 1181 1081 1211 τού-

69 1245 146 1270 τους
165 1231 218 1264 καὶ
239 1232 434 1270 σπουδάζειν
453 1232 528 1273 περὶ
548 1233 608 1272 τὴν
628 1235 810 1274 θρησκείαν
829 1238 887 1264 τοῦ
903 1236 995 1265 θεοῦ.
1028 1232 1081 1264 καὶ

69 1286 157 1326 ἥσθη
182 1290 247 1317 πᾶν
270 1286 306 1316 τὸ
330 1288 459 1326 πλῆθος
482 1285 586 1322 οὕτως
610 1286 654 1323 ὡς
677 1284 781 1326 μηδὲν
799 1287 879 1318 ἄλλο
900 1289 1082 1327 φιλοτιμεῖ-

70 1342 150 1370 σθαι
175 1337 250 1379 μηδ’
273 1337 403 1378 ἀγαπᾶν
427 1338 470 1375 ὡς
494 1339 530 1369 τὸ
554 1344 666 1379 τηρεῖν
690 1339 728 1370 τὰ
754 1340 883 1380 νόμιμα.
922 1340 1030 1379 <396>
1051 1340 1085 1370 οἵ

29 1400 54 1420 25
69 1403 102 1423 τε
126 1393 312 1432 πρόσχωροι
335 1390 504 1422 διετέλουν
523 1390 715 1432 στέργοντες
734 1393 792 1423 τὸν
809 1391 1010 1433 Ἰωσάφατον
1029 1391 1082 1424 καὶ

68 1446 150 1486 πρὸς
170 1444 272 1475 αὐτὸν
291 1445 426 1485 εἰρήνην
441 1445 584 1484 ἄγοντες.
612 1445 646 1476 os
659 1443 694 1475 δὲ
711 1444 929 1477 Παλαιστινοὶ
945 1447 1082 1484 τακτοὺς

70 1497 203 1530 ἐτέλουν
223 1497 310 1539 αὐτῷ
331 1498 467 1538 φόρους,
491 1496 541 1528 καὶ
560 1497 699 1539 ’Ἄραβες
718 1497 900 1539 ἐχορήγουν
919 1497 989 1530 κατ’
1012 1500 1083 1536 ἔτος

69 1551 172 1592 ἄρνας
191 1549 345 1591 ἑξήκοντα
365 1549 415 1581 καὶ
438 1552 647 1591 τριακοσίους
664 1550 717 1582 καὶ
738 1550 876 1591 ἐρίφους
894 1552 1082 1589 τοσούτους.

70 1605 180 1641 πόλεις
195 1615 227 1635 τε
243 1603 385 1644 μεγάλας
400 1603 575 1644 ὠχύρωσεν
590 1604 690 1641 ἄλλας
705 1616 738 1635 τε
753 1603 806 1636 καὶ
822 1605 944 1646 βάρεις,
959 1604 1013 1636 καὶ
1027 1605 1084 1636 δύ-

31 1664 57 1684 80
72 1668 170 1697 ναμιν
180 1656 416 1697 στρατιωτικὴν
426 1655 478 1688 καὶ
496 1657 578 1688 ὅπλα
594 1658 675 1698 πρὸς
690 1659 767 1695 τοὺς
781 1659 959 1698 πολεμίους
969 1656 1084 1699 ηὐτρέ-

142 1719 156 1749 ξ
172 1720 222 1743 393
243 1730 275 1738 =
296 1720 310 1742 2
327 1717 416 1743 Paral.
438 1717 515 1742 XVII
532 1720 554 1744 1,
