1261 1917
174 71 190 101 1
195 71 237 101 ΟΞ),
536 70 808 96 ΑΡΧΑΙΟΔΟΓΙΑΣ

173 150 203 182 δ’
231 151 290 182 οὐκ
315 151 481 182 αἰδεῖσθαι
505 156 607 183 ταῦτα
630 153 769 192 ποιήσας
800 152 846 189 εἰς
869 153 905 183 τὸ
930 156 973 195 τῷ
996 155 1065 195 θεῷ
1088 164 1180 194 κεχα-

173 201 330 245 ρισμένον
354 204 506 244 ἔφασκεν,
530 204 566 241 ὃς
591 204 692 236 αὐτὸν
711 203 764 235 καὶ
784 209 843 236 τοῦ
862 206 983 246 πατρὸς
1006 205 1107 246 αὐτῆς
1126 205 1179 237 καὶ

172 262 239 288 τῶν
263 257 372 288 ἄλλων
395 256 549 288 ἁπάντων
573 259 789 298 προυτίμησε,
819 258 945 295 παίζειν
968 269 1002 289 τε
1024 258 1181 296 πολλάκις

172 309 225 341 καὶ
263 314 417 350 χορεῦσαι
454 309 577 351 μηδένα
614 314 673 341 τοῦ
712 310 803 348 δόξαι
840 315 910 348 ταῖς
945 313 1180 352 θεραπαινίσιν

173 364 310 404 αἰσχρὸν
324 362 377 394 καὶ
393 362 473 404 αὐτῇ
489 364 525 394 τὸ
541 365 716 404 γινόμενον
728 363 947 404 ποιησάμενος
962 365 1069 404 λόγον.
1094 364 1180 405 <89>

172 415 192 456 ἡ
217 414 253 447 δὲ
272 415 406 456 Μιχάλα
431 416 512 456 αὕτη
531 417 663 458 Δαυίδῃ
682 415 742 457 μὲν
762 421 961 448 συνοικοῦσα
984 417 1104 454 παῖδας
1121 416 1181 448 οὐκ

173 467 357 508 ἐποιήσατο,
381 472 566 509 γαμηθεῖσα
590 468 620 500 δ’
646 469 785 511 ὕστερον
813 467 838 512 ᾧ
867 469 1055 511 παρέδωκεν
1078 469 1181 510 αὐτὴν

173 520 190 552 ὁ
223 521 328 562 πατὴρ
362 522 513 559 Σάουλος
550 522 640 562 (τότε
673 522 703 553 δ’
735 523 925 560 ἀποσπάσας
957 522 1055 560 αὐτὸς
1087 520 1180 565 εἶχε),

171 573 268 605 πέντε
291 575 412 612 παῖδας
436 576 530 606 ἔτεκε.

239 625 292 657 καὶ
316 626 391 668 περὶ
415 626 475 668 μὲν
494 629 621 659 τούτων
639 630 719 659 κατὰ
738 629 848 670 χώραν
868 629 1070 670 δηλώσομεν
1096 629 1180 670 <90>

173 679 261 719 ὁρῶν
294 678 324 710 δ’
356 680 372 711 ὁ
401 682 554 721 βασιλεὺς
586 682 666 712 κατὰ
699 686 807 713 πᾶσαν
834 682 873 712 τὰ
901 680 1061 723 πράγματ’
1094 682 1180 724 αὐτῷ

173 733 291 772 σχεδὸν
314 732 439 773 ἡμέραν
463 733 585 774 ἀμείνω
610 736 766 775 γινόμενα
791 734 825 765 ἐκ
844 739 901 775 τῆς
920 739 978 765 τοῦ
997 738 1080 766 θεοῦ
1104 736 1181 775 βου-

173 786 305 824 λήσεως,
330 785 477 826 ἐνόμιζεν
502 786 735 828 ἐξαμαρτάνειν
759 788 870 827 αὑτόν,
899 789 929 818 εἰ
951 786 1060 828 μένων
1083 787 1181 825 αὐτὸς

173 837 208 868 ἐν
233 841 335 875 οἴκοις
359 838 394 869 ἐκ
417 838 537 880 κέδρου
556 839 797 881 πεποιημένοις,
820 840 960 880 ὑψηλοῖς
980 852 1014 872 τε
1033 839 1086 871 καὶ
1106 843 1181 872 καλ-

173 892 288 930 λίστην
320 891 379 931 τὴν
412 892 515 932 ἄλλην
548 893 754 933 κατασκευὴν
787 894 913 934 ἔχουσι,
952 898 1089 935 περιορᾷ
1121 893 1181 933 τὴν

172 944 314 984 κιβωτὸν
339 944 374 975 ἐν
393 949 495 986 σκηνῇ
519 944 682 986 κειμένην,
705 946 791 985 <91>
812 945 964 986 ἐβούλετο
989 944 1025 977 δὲ
1048 951 1092 988 τῷ
1112 950 1181 988 θεῷ

172 997 409 1028 κατασκευάσαι
437 999 533 1037 ναόν,
565 998 608 1035 ὡς
636 1000 785 1039 Μωυσῆς
814 1004 979 1039 προεῖπεν.
1025 997 1078 1029 καὶ
1106 998 1180 1039 περὶ

172 1050 298 1080 τούτων
323 1050 468 1093 Ναθάνα
496 1055 540 1094 τῷ
568 1052 720 1092 προφήτῃ
749 1052 949 1092 διαλεχθείς,
977 1050 1046 1082 ἐπεὶ
1073 1057 1181 1082 ποιεῖν

1198 636 1221 655 10

1197 899 1221 919 15

173 1102 190 1133 ὅ
214 1114 244 1133 τι
268 1113 328 1144 περ
353 1104 497 1144 ὥρμηται
521 1103 718 1145 προσέταξεν
737 1104 838 1135 αὐτὸν
858 1104 901 1141 ὡς
920 1109 979 1136 τοῦ
998 1107 1081 1135 θεοῦ
1100 1105 1182 1145 πρὸς
1199 1143 1205 1148 ⁸

172 1155 288 1186 ἅπαντ’
316 1156 402 1199 αὐτῷ
427 1161 589 1198 συνεργοῦ
617 1158 794 1198 παρόντος,
825 1155 911 1198 εἶχεν
938 1157 1000 1197 ἤδη
1023 1155 1097 1198 περὶ
1121 1157 1182 1197 τὴν

172 1213 231 1239 τοῦ
259 1213 342 1239 ναοῦ
372 1210 576 1250 κατασκευὴν
599 1211 860 1250 προθυμότερον.
907 1209 993 1249 <92>
1016 1214 1076 1240 τοῦ
1099 1213 1182 1241 θεοῦ

173 1260 208 1292 δὲ
232 1260 302 1292 κατ’
329 1261 458 1302 ἐκείνην
480 1262 541 1302 τὴν
565 1263 666 1293 νύκτα
689 1267 734 1305 τῷ
760 1262 904 1304 Ναθάνα
928 1261 1099 1303 φανέντος,
1127 1261 1181 1293 καὶ

173 1314 296 1355 φράσαι
316 1315 531 1352 κελεύσαντος
554 1320 598 1358 τῷ
618 1316 750 1356 Δαυίδῃ
770 1315 813 1352 ὡς
831 1315 892 1355 τὴν
911 1313 971 1355 μὲν
989 1317 1181 1356 προαίρεσιν

173 1366 274 1398 αὐτοῦ
303 1366 356 1398 καὶ
385 1368 445 1407 τὴν
480 1367 661 1408 ἐπιθυμίαν
695 1369 770 1399 λίαν
803 1367 1009 1408 ἀποδέχεται,
1042 1368 1182 1408 μηδενὸς

172 1418 233 1460 μὲν
260 1421 421 1462 πρότερον
450 1422 496 1458 εἰς
528 1426 611 1452 νοῦν
644 1420 829 1461 βαλομένου
861 1421 944 1452 ναὸν
972 1420 1059 1463 αὐτῷ
1086 1432 1181 1452 κατα-

173 1474 343 1510 σκευάσαι,
372 1474 491 1504 τούτου
525 1472 561 1504 δὲ
592 1474 715 1513 ταύτην
745 1474 804 1514 τὴν
833 1473 985 1504 διάνοιαν
1013 1474 1181 1513 λαβόντος,

172 1526 232 1556 οὐκ
257 1525 442 1567 ἐπιτρέπειν
466 1525 501 1557 δὲ
530 1528 673 1563 πολλοὺς
700 1525 863 1566 πολέμους
891 1524 1103 1568 ἠγωνισμένῳ
1127 1525 1180 1556 καὶ

173 1580 265 1621 φόνῳ
301 1584 367 1610 τῶν
401 1578 532 1619 ἐχθρῶν
564 1578 771 1622 μεμιασμένῳ
804 1583 938 1619 ποιῆσαι
971 1578 1052 1609 ναὸν
1085 1578 1181 1621 αὐτῷ.

171 1631 255 1671 <93>
279 1632 358 1672 μετὰ
382 1631 493 1672 μέντοι
519 1642 554 1670 γε
578 1632 636 1662 τὸν
660 1631 808 1662 θάνατον
832 1631 949 1670 αὐτοῦ,
978 1631 1181 1671 γηράσαντος

243 1702 257 1731 ξ
273 1702 305 1726 89
328 1713 359 1721 =
379 1703 394 1726 ‘2
411 1700 478 1733 Reg.
499 1700 563 1725 XXI
578 1703 602 1726 8.
681 1703 694 1731 ξ
710 1703 743 1726 90
764 1713 796 1721 =
816 1703 830 1725 2
846 1699 914 1733 Reg.
935 1699 985 1725 VH
1002 1702 1029 1731 13
1060 1702 1072 1725 1
1089 1699 1179 1727 Paral.

171 1743 249 1769 XVII
266 1746 288 1769 1.

1197 1163 1222 1183 20

1197 1428 1221 1447 ‘25
