1261 1917
545 72 668 97 OFAOH
1054 67 1116 98 135

169 155 255 195 (76)
279 153 516 194 μεταπέμπεται
537 151 566 184 δ’
590 151 624 183 ἐκ
649 152 758 193 Τύρου
779 151 942 191 Σολομὼν
961 148 1037 190 παρ’
1061 149 1117 180 Εί-
1136 157 1154 182 4

104 208 209 249 ράμου
243 208 407 248 τεχνίτην,
442 208 608 247 Χείραμον
642 206 760 246 ὄνομα,
793 205 915 245 μητρὸς
947 201 1007 244 μὲν
1038 203 1118 234 ὄντα

104 260 354 301 Νεφθαλίτιδος
384 261 420 291 τὸ
450 259 546 299 γένος
574 258 624 299 (ἐκ
656 259 718 299 γὰρ
752 258 872 297 ταύτης
904 257 1028 297 ὑπῆρχε
1061 260 1119 295 τῆς

103 312 225 356 φυλῆς)
253 314 376 354 πατρὸς
404 312 434 344 δ’
467 312 609 353 Οὐρίου,
638 311 734 351 γένος
758 309 971 351 Ἰσραηλίτου.
1023 306 1119 345 οὗτος

77 367 247 404 εᾶπαντος
271 364 331 407 μὲν
355 366 580 406 ἐπιστημόνως
603 363 690 405 εἶχεν
712 366 822 405 ἔργου,
846 363 985 404 μάλιστα
1011 360 1046 393 δὲ
1071 373 1119 393 τε-

102 421 215 461 χνίτης
238 417 280 460 ἦν
303 421 429 461 χρυσὸν
448 419 642 460 ἐργάζεσθαι
666 417 718 449 καὶ
740 418 889 458 ἄργυρον
910 415 961 447 καὶ
984 416 1118 456 χαλκόν·

103 472 161 514 ὑφ’
188 470 228 504 οὗ
253 473 293 512 δὴ
317 472 371 503 καὶ
395 472 501 503 πάντα
520 472 602 503 κατὰ
621 471 681 511 τὴν
700 475 759 502 τοῦ
780 469 941 511 βασιλέως
960 469 1121 509 βούλησιν

102 527 142 558 τὰ
165 525 240 567 περὶ
264 527 322 557 τὸν
346 527 429 557 ναὸν
453 525 689 566 ἐξεμηχανήθη.
735 524 821 563 (77)
847 522 1061 554 κατεσκεύασε
1087 520 1116 551 δ’

105 580 122 611 ὁ
152 581 314 620 Χείραμος
347 576 444 616 οὗτος
475 578 526 610 καῖ
563 579 704 614 στύλους
734 577 796 608 δύο
824 579 965 617 χαλκοῦς
993 576 1121 606 ἔσωθεν

65 643 90 662 10
105 634 141 664 τὸ
174 633 276 673 πάχος
308 632 472 673 τεττάρων
505 632 686 662 δακτύλων.
732 627 774 670 ἧν
807 627 842 660 δὲ
875 630 911 660 τὸ
944 626 1005 669 μὲν
1036 627 1122 664 ὕψος

104 692 174 723 τοῖς
198 687 306 716 κίοσιν
331 685 550 716 ὀκτωκαίδεκα
573 684 714 724 πήχεων,
738 682 757 723 ἡ
782 680 818 713 δὲ
842 683 1036 723 περίμετρος
1060 681 1121 711 δώ-

107 740 185 770 δεκα
210 739 390 770 δακτύλων.
436 738 602 778 χωνευτὸν
622 735 651 767 δ’
675 734 727 776 ἐφ’
750 734 885 777 ἑκατέρα
904 737 1029 775 κεφαλῇ
1052 735 1122 774 κρί-

109 804 167 823 νον
196 792 394 833 ἐφειστήκει,
422 792 459 822 τὸ
487 790 573 827 ὕψος
602 788 653 820 ἐπὶ
682 788 778 820 πέντε
806 788 920 828 πήχεις
948 786 1122 827 ἐγηγερμέ-

108 855 179 876 νον·
196 842 222 888 ςιῖ
236 844 416 886 περιέκειτο
432 844 568 875 δίκτυον
583 842 680 883 ἐλάτῃ
694 844 795 883 χαλκῇ
810 839 1122 882 περιπεπλεγμένον,

67 907 91 926 15
106 899 274 930 καλύπτον
296 898 335 928 τὰ
358 899 464 938 κρίνα.
512 897 598 937 <78>
624 896 744 927 τούτου
774 893 803 925 δ’
830 894 1017 934 ἀπήρτηντο
1041 893 1122 924 κατὰ

107 952 291 991 διστοιχιάν
323 949 376 981 καὶ
410 950 484 991 ῥόαι
517 950 691 980 διακόσιαι.
742 948 869 979 τούτων
902 953 968 978 τῶν
1000 947 1123 977 κιόνων

106 1005 164 1035 τὸν
184 1002 245 1044 μὲν
263 1003 376 1044 ἕτερον
394 1003 475 1034 κατὰ
494 1002 555 1042 τὴν
575 1002 686 1040 δεξιὰν
706 1002 819 1041 ἔστησε
838 1005 897 1032 τοῦ
914 1000 1123 1041 προπυλαίου

106 1056 314 1097 παραστάδα,
342 1055 481 1093 καλέσας
505 1055 607 1087 αὐτὸν
628 1054 742 1095 Ἰαχίν,
766 1055 824 1085 τὸν
849 1052 878 1085 δ”
906 1052 1019 1094 ἕτερον
1042 1053 1122 1083 κατὰ

107 1110 169 1150 τὴν
192 1109 378 1151 ἀριστεράν,
403 1109 568 1150 ὀνομάσας
593 1108 694 1140 αὐτὸν
718 1107 813 1145 Βοάζ.

68 1172 94 1191 20
175 1163 270 1202 (79)
295 1162 454 1203 ἐχώνευσε
483 1160 519 1193 δὲ
547 1161 601 1193 καὶ
629 1161 801 1192 θάλατταν
828 1162 952 1201 χαλκῆν
980 1160 1027 1196 εἰς
1051 1158 1123 1199 ἡμι-
1143 1165 1159 1188 5

110 1218 267 1256 σφαίριον
307 1214 597 1256 ἐσχηματισμένην.
653 1213 777 1254 ἐκλήθη
815 1211 851 1244 δὲ
888 1214 925 1244 τὸ
963 1212 1123 1253 χαλκούρ·

109 1280 196 1309 γημα
218 1267 367 1299 θάλαττα
390 1267 444 1297 διὰ
468 1268 505 1298 τὸ
529 1266 683 1308 μέγεθος·
712 1264 755 1306 ἦν
782 1266 844 1306 γὰρ
874 1265 891 1296 ὁ
918 1265 1040 1306 λουτὴρ
1064 1265 1124 1305 τὴν

110 1321 287 1362 διάμετρον
313 1321 443 1361 πήχεων
476 1319 554 1351 δέκα
586 1319 640 1350 καὶ,
674 1319 726 1351 ἐπὶ
759 1322 991 1350 παλαιστιαῖον
1022 1317 1125 1358 πάχος

109 1372 362 1415 κεχωνευμένος.
408 1373 623 1414 ὑπερήρειστο
653 1370 688 1403 δὲ
717 1370 770 1403 καὶ
798 1371 879 1402 κατὰ
907 1372 943 1402 τὸ
973 1373 1124 1411 μεσαίτα-

69 1437 94 1456 25
109 1439 167 1459 τον
195 1431 254 1458 τοῦ
282 1427 402 1464 κύτους
430 1427 547 1468 σπείρᾳ
575 1424 796 1466 περιαγομένῃ
824 1425 871 1461 εἰς
899 1423 1008 1461 ἕλικας
1033 1423 1124 1455 δέκα·

109 1481 203 1520 (80)
231 1477 273 1520 ἧν
302 1477 338 1510 δὲ
371 1479 431 1519 τὴν
464 1478 640 1519 διάμετρον
672 1478 808 1518 πήχεως.
858 1477 1126 1518 περιειστήκεσαν

110 1532 146 1565 δὲ
174 1532 248 1574 περὶ
277 1532 382 1572 αὐτὴν
408 1534 525 1573 μόσχοι
556 1531 683 1563 δώδεκα
713 1531 795 1572 πρὸς
825 1531 864 1561 τὰ
892 1532 1030 1571 κλίματα
1059 1535 1126 1561 τῶν

110 1587 272 1627 τεττάρων
309 1585 440 1626 ἀνέμων
477 1583 734 1626 ἀποβλέποντες,
774 1582 853 1615 καθ’
894 1583 1031 1614 ἕκαστον
1068 1582 1126 1613 αὐ-

110 1645 177 1670 τῶν
204 1645 305 1680 τρεῖς,
339 1640 401 1670 ε”σω
434 1639 474 1670 τὰ
502 1638 641 1670 ὀπίσθια
669 1638 873 1677 νενευκότες,
907 1635 982 1668 ὥστ’
1014 1635 1127 1672 αὐτοῖς

71 1701 97 1720 ⁸0
112 1691 364 1730 ἐπικαθέζεσθαι
394 1693 430 1723 τὸ
459 1691 693 1733 ἡμισφαίριον,
725 1691 805 1722 κατὰ
838 1689 1048 1732 περιαγωγὴν
1076 1690 1126 1720 ε”νο

182 1756 196 1784 ξ
218 1755 249 1778 ἵϋ
270 1765 301 1774 --
323 1755 337 1777 3
357 1752 425 1786 Reg.
447 1752 497 1778 VH
515 1755 554 1778 14.
