1261 1917
521 40 645 65 omon
1026 38 1092 70 225

76 120 168 153 κέναι
192 120 252 160 τὴν
275 126 341 152 τῶν
365 121 503 151 αἰδοίων
531 121 723 161 περιτομήν·
752 119 919 157 (Φοίνικες
947 121 1009 160 γὰρ
1038 119 1093 151 καὶ

79 174 183 215 Σύροι
204 173 238 204 οἱ
256 172 292 204 ἐν
306 178 343 214 τῇ
360 175 567 215 Παλαιστίνῃ
587 173 786 214 ὁμολογοῦσι
803 171 880 213 παρ’
898 174 1093 213 Αἰγυπτίων

78 224 322 268 μεμαθηκε’ναι.’
361 226 464 267 δῆλον
484 223 545 257 οὖν
565 224 654 257 ἐστὶν
674 226 723 257 ὅτι
742 225 880 267 μηδένες
894 226 987 257 ἄλλοι
1003 237 1094 266 περι-

78 278 252 320 τέμνονται
271 284 338 310 τῶν
358 278 394 310 ἐν
413 283 451 320 τῇ
468 280 675 320 Παλαιστίνῃ
695 280 818 319 Σύρων
838 277 856 318 ἢ
877 279 972 319 μόνοι
992 278 1094 319 ἡμεῖς.

52 342 64 361 ⁵
145 332 227 363 ἀλλὰ
251 331 325 373 περὶ
350 330 410 373 μὲν
434 332 561 363 τούτων
589 331 718 363 ἕκαστοι
748 331 933 371 λεγέτωσαν
957 332 974 363 ὅ
998 343 1028 362 τι
1053 331 1095 363 ἂν

79 384 191 422 αὐτοῖς
215 385 308 426 δοκῇ·
333 385 442 425 (263)
466 385 741 426 ἀναχωρήσαντος
765 383 801 416 δὲ
821 385 1009 421 Σουσάκου,
1030 383 1094 415 Ῥο-
1114 394 1131 416 4

79 439 202 479 βόαμος
225 437 242 469 ὁ
267 439 421 478 βασιλεὺς
449 436 522 468 ἀντὶ
547 436 607 478 μὲν
631 443 698 468 τῶν
721 443 854 478 χρυσῶν
882 441 1017 478 θυρεῶν
1041 436 1095 468 καὶ

79 497 145 523 τῶν
169 490 318 522 ἀσπίδων
341 493 443 531 χαλκᾶ
467 491 607 530 ποιήσας
635 491 693 521 τὸν
717 490 819 521 αὐτὸν
845 490 991 531 ἀριθμὸν
1015 501 1097 531 παρ-

81 543 180 575 έδωκε
204 549 273 581 τοῖς
297 549 363 575 τῶν
387 544 564 584 βασιλείων
588 543 746 584 φύλαξιν,
775 542 847 575 ἀντὶ
874 542 909 575 δὲ
934 548 993 574 τοῦ
1017 544 1097 584 μετὰ

42 606 67 626 1⁰
81 598 276 638 στρατηγίας
299 596 482 637 ἐπιφανοῦς
510 595 563 628 καὶ
592 601 650 637 τῆς
674 596 709 628 ἐν
733 602 801 634 τοΐς
825 597 992 637 πράγμασι
1018 599 1098 637 λαμ-

80 651 240 691 πρότητος
260 649 388 689 διάγειν
409 649 620 690 ἐβασίλευσεν
637 649 672 680 ἐν
689 649 807 691 ἡσυχίᾳ
821 652 925 691 πολλῇ
946 648 999 680 καὶ
1021 648 1098 689 δεέι,

81 702 187 733 πάντα
211 703 269 733 τὸν
292 704 414 743 χρόνον
439 701 558 744 ἐχθρὸς
583 703 630 733 ὢν
647 701 852 746 Ἱεροβοάμῳ.
899 703 1007 742 (264)
1033 701 1098 733 ε’τε-

82 755 217 795 λεύτησε
242 753 277 786 δὲ
302 755 424 796 βιώσας
448 756 502 795 ε’τη
527 756 729 795 πεντήκοντα
752 754 806 786 καὶ
831 754 920 795 ἑπτά,
947 755 1099 795 βασιλεύ-

83 816 141 845 σας
167 806 197 838 δ’
224 807 334 839 αὐτῶν
363 807 593 848 ἑπτακαίδεκα,
622 809 680 839 τὸν
708 809 831 848 τρόπον
859 808 986 846 ἀλαζὼν
1015 808 1099 849 ἀνὴρ

45 871 69 890 15
86 859 138 892 καὶ
162 860 316 900 ἀνόητος,
345 859 398 892 καὶ.
428 861 482 891 διὰ
510 862 546 892 τὸ
576 861 619 901 μὴ
643 860 817 902 προσέχειν
845 867 914 898 τοῖς
936 860 1101 904 πατρῴοις

83 915 194 954 φίλοις
214 913 274 953 τὴν
293 913 397 954 ἀρχὴν
417 912 589 950 ἀπολέσας.
632 913 735 954 ἐτάφη
756 912 786 944 δ’
809 912 845 944 ἐν
861 912 1102 955 Ἱεροσολύμοις

84 966 120 998 ἐν
142 971 213 1004 ταῖς
233 967 354 1006 θήκαις
372 972 439 997 τῶν
459 965 631 1007 βασιλέων.
679 965 844 1004 διεδέξατο
866 965 895 997 δ’
918 967 1021 998 αὐτοῦ
1041 967 1102 1007 τὴν

85 1021 255 1060 βασιλείαν
279 1019 295 1050 ὁ
320 1019 393 1057 υἱὸς
414 1018 533 1060 Ἀβίας,
558 1020 679 1059 ὄγδοον
703 1020 766 1060 ’ἤδη
790 1019 843 1051 καὶ
869 1019 1006 1051 δέκατον
1031 1021 1103 1057 ἔτος

81 1071 291 1113 Ἱεροβοάμου
314 1078 381 1104 τῶν
406 1072 484 1104 δέκα
508 1076 625 1113 φυλῶν
649 1074 891 1113 βασιλεύοντος.

46 1135 72 1154 20
153 1126 261 1166 <265>
286 1124 339 1156 καὶ
360 1130 460 1157 ταῦτα
479 1124 540 1167 μὲν
560 1130 712 1157 τοιοῦτον
732 1128 804 1167 ἔσχε
824 1127 860 1157 τὸ
881 1125 983 1166 τέλος,
1007 1127 1045 1157 τὰ
1066 1124 1103 1157 δὲ

86 1177 161 1221 περὶ
185 1177 393 1220 Ἱεροβόαμον
422 1179 591 1211 ἀκόλουθα
619 1181 745 1211 τούτων
777 1181 908 1221 ἔχομεν,
936 1185 1005 1217 πῶς
1028 1191 1103 1210 κατ-

87 1230 221 1272 έστρεψε
245 1232 303 1262 τὸν
327 1233 416 1272 βίον,
445 1232 636 1270 διεξελθεῖν.
684 1229 781 1270 οὗτος
804 1233 865 1273 γὰρ
891 1232 931 1263 οὐ
955 1231 1104 1264 διέλιπεν

88 1283 160 1315 οὐδ’
185 1283 343 1325 ἠρέμησεν
367 1286 414 1322 εἰς
434 1286 492 1317 τὸν
512 1287 594 1317 θεὸν
614 1285 802 1326 ἐξυβρίζων,
826 1285 908 1317 ἀλλὰ
927 1284 1004 1316 καθ’
1030 1284 1104 1326 ἡμέ-

88 1349 150 1378 ραν
175 1335 227 1368 ἐπὶ
252 1342 318 1368 τῶν
342 1337 479 1378 ὑψηλῶν
503 1338 592 1378 ὀρῶν
616 1340 747 1379 βωμοὺς
771 1338 906 1376 ἀνιστὰς
929 1337 983 1370 καὶ
1007 1339 1106 1378 ιέρεῖς

49 1399 74 1418 25
90 1389 124 1421 ἐκ
148 1394 207 1421 τοῦ
230 1391 382 1430 πλήθους
405 1390 602 1428 ἀποδεικνὺς
626 1390 771 1422 διετέλει.
817 1392 926 1432 <266>
949 1395 1051 1422 ταῦτα
1071 1389 1102 1422 δ’
1118 1391 1157 1422 11

91 1444 224 1484 ἔμελλεν
248 1443 308 1474 οὐκ
332 1444 379 1480 εἰς
402 1444 530 1484 μακρὰν
554 1443 760 1485 τάσεβήματα
783 1443 837 1475 καὶ
862 1444 922 1484 τὴν
946 1442 1028 1485 ὑπὲρ
1048 1443 1107 1475 αὐ-

90 1501 156 1527 τῶν
185 1496 281 1536 δίκην
309 1497 356 1533 είς
383 1497 443 1536 τὴν
471 1496 573 1528 αὐτοῦ
601 1497 750 1537 κεφαλὴν
784 1496 837 1528 καὶ
869 1497 973 1537 πάσης
1002 1497 1105 1528 αὐτοῦ

92 1553 148 1589 τῆς
166 1553 280 1588 γενεᾶς
300 1549 454 1590 στρέφειν
473 1551 509 1581 τὸ
529 1553 634 1581 θεῖον.
672 1550 855 1591 κάμνοντος
877 1549 907 1581 δ’
926 1550 1013 1593 αὐτῷ
1032 1549 1103 1581 κατ’

92 1601 218 1633 ἐκεῖνον
246 1603 304 1634 τὸν
332 1604 449 1644 καιρὸν
478 1608 536 1635 τοῦ
564 1604 696 1643 παιδός,
728 1603 766 1634 ὃν
792 1602 926 1644 Ὀβίμην
955 1603 1106 1642 ἐκάλουν,

164 1674 178 1702 ξ
193 1674 246 1697 263
258 1685 290 1693 =
301 1675 316 1698 3
332 1672 399 1706 Reg.
416 1673 479 1699 XIV
490 1675 536 1704 273
553 1676 568 1699 2
580 1672 671 1699 Paral.
686 1672 735 1698 XII
751 1676 790 1699 10.
865 1675 878 1704 ξ
895 1676 946 1698 266
962 1685 995 1693 =
1010 1676 1025 1698 3
1038 1672 1106 1704 Reg.

94 1714 156 1740 XIV
174 1718 195 1740 1.

147 1764 271 1784 Iosmmvs
294 1766 323 1784 Π,
912 1763 943 1786 15
