1261 1917
140 62 206 93 354
508 62 779 86 ΑΡΧΑΙΟΛΟΓΙΑΣ

140 141 182 181 ἣν
210 141 321 178 αὐτοῖς
349 141 403 172 διὰ
431 146 490 172 τοῦ
517 141 690 183 προφήτου
717 139 915 182 παρῄνεσεν,
947 140 1072 181 ἀπῆρεν
1103 141 1150 177 εἰς

140 194 201 234 τὴν
219 196 401 234 Αἴγυπτον,
425 195 514 234 ἄγων
537 192 591 225 καὶ
615 195 674 225 τὸν
688 192 846 235 Ἱερεμίαν
869 191 922 224 καὶ
943 194 1001 224 τὸν
1021 194 1149 234 Βαροῦ-

141 258 210 287 χον.
243 245 350 286 <18Ο>
366 245 552 287 γενομένων
567 245 597 277 δ’
615 246 724 277 αὐτῶν
739 246 813 286 ἐκεῖ,
833 247 982 286 σημαίνει
997 246 1033 276 τὸ
1052 248 1149 276 θεῖον

140 304 186 342 τῷ
208 299 360 340 προφήτῃ
384 298 543 339 μέλλοντα
568 300 756 340 στρατεύειν
780 297 831 330 ἐπὶ
851 300 928 335 τοὺς
946 299 1150 338 Αἰγυπτίους

141 352 199 383 τὸν
223 352 449 392 Βαβυλωνίων
473 351 622 392 βασιλέα,
650 350 703 383 καὶ
732 356 902 393 προειπεῖν
930 350 1077 382 ἐκέλευσε
1105 354 1149 392 τῷ

142 407 209 446 λαῷ
237 405 297 444 τήν
324 403 359 435 θ’
386 405 510 435 ἅλωσιν
537 409 594 445 τῆς
618 404 789 444 Αἰγύπτου
821 403 874 435 καὶ
906 404 955 435 ὅτι
983 404 1060 440 τοὺς
1090 401 1150 443 μὲν

143 457 252 488 αὐτῶν
275 456 456 496 ἀποκτενεῖ,
480 458 557 493 τοὺς
581 455 610 487 δ’
638 456 863 497 αἰχμαλώτους
886 456 996 496 λαβὼν
1020 457 1066 492 εἰς
1086 457 1150 485 Βα-

142 511 275 550 βυλῶνα
289 509 366 545 ἄξει.
404 507 457 539 καὶ
472 513 573 540 ταῦτα
589 508 723 549 συνέβη·
747 509 854 548 (181)
872 513 917 550 τῷ
937 508 998 549 γὰρ
1017 507 1149 550 πέμπτῳ

141 566 199 602 τῆς
222 560 458 602 Ἱεροσολύμων
485 562 679 602 πορθήσεως
707 562 784 600 ἔτει,
816 561 832 591 ὅ
862 559 929 591 ἐστι
957 562 1068 601 τρίτον
1097 558 1151 590 καὶ

143 615 291 645 εἰκοστὸν
319 618 376 654 τῆς
404 614 746 654 Ναβουχοδονοσόρου
775 614 955 654 βασιλείας,
985 613 1151 653 στρατεύει

144 665 195 697 ἐπὶ
223 667 283 706 τὴν
307 668 434 707 Κοίλην
458 668 603 707 Συρίαν,
631 665 684 697 καὶ
712 666 882 706 κατασχὼν
910 665 1013 704 αὐτὴν
1042 664 1152 696 ἐπολέ-

143 727 224 760 μησε
247 718 300 750 καὶ
322 718 532 760 Ἀμμανίταις
559 718 612 750 καὶ
636 719 846 759 Μωαβίταις,
874 719 988 758 <182>
1017 717 1152 757 ποιησά-

143 783 241 812 μενος
274 770 303 802 δ’
338 772 465 812 ὑπήκοα
498 776 599 802 ταῦτα
631 772 670 802 τὰ
703 773 785 810 ἔθνη
823 770 977 811 ἐνέβαλεν
1010 771 1056 806 εἰς
1092 769 1152 809 τὴν

143 827 317 864 Αἴγυπτον
344 825 646 865 καταστρεψόμενος
674 824 792 863 αὐτήν,
823 822 876 854 καὶ
907 823 965 854 τὸν
993 821 1053 863 μὲν
1080 823 1151 853 τότε

144 876 279 918 βασιλέα
305 878 439 917 κτείνει,
466 877 668 916 καταστήσας
692 875 722 907 δ’
748 876 875 917 ἕτερον,
903 877 979 912 τοὺς
1008 874 1043 906 ἐν
1072 874 1152 915 αὐτῇ

144 930 244 961 πάλιν
265 928 446 966 Ἰουδαίους
472 930 711 969 αἰχμαλωτίσας
738 929 861 968 ἤγαγεν
889 929 936 965 εἰς
960 929 1152 967 Βαβυλῶνα.

145 983 261 1022 <183>
292 981 346 1013 καὶ
378 983 413 1013 τὸ
445 980 504 1022 μὲν
529 981 689 1022 Ἑβραίων
717 980 812 1021 γένος
840 980 875 1012 ἐν
903 980 1040 1022 τοιούτῳ
1069 978 1153 1010 τέλει

145 1036 324 1075 γενόμενον
352 1035 599 1075 παρειλήφαμεν
629 1033 679 1070 δὶς
708 1033 809 1064 ἐλθὸν
837 1032 941 1074 πέραν
964 1031 1153 1072 Εὐφράτου.

144 1086 200 1118 ὑπ’
229 1086 410 1128 Ἀσσυρίων
438 1085 498 1127 μὲν
526 1087 586 1126 γὰρ
616 1085 764 1123 ἐξέπεσεν
792 1086 809 1117 ὁ
838 1091 904 1116 τῶν
932 1084 1009 1116 δέκα
1037 1087 1154 1125 φυλῶν

146 1141 224 1177 λαὸς
239 1140 301 1171 ἀπὸ
318 1141 516 1180 Σαμαρείας,
532 1139 763 1179 βασιλεύοντος
775 1137 904 1178 Ὠσήου,
924 1136 1028 1169 ἔπειθ’
1051 1137 1068 1168 ὁ
1088 1142 1153 1168 τῶν

146 1193 206 1223 δύο
231 1195 348 1233 φυλῶν
371 1193 434 1223 ὑπὸ
461 1192 802 1232 Ναβουχοδονοσόρου
826 1196 885 1222 τοῦ
908 1196 974 1221 τῶν
998 1191 1154 1230 Βαβυλω-

146 1246 228 1276 νίων
251 1243 305 1275 καὶ
326 1245 500 1275 Χαλδαίων
524 1243 693 1284 βασιλέως,
717 1243 752 1281 ὃς
770 1244 956 1283 ὑπελείφθη
978 1248 1043 1274 τῶν
1059 1241 1154 1283 Ἱερο-

147 1297 300 1338 σολύμων
319 1297 476 1328 ἁλόντων.
513 1298 620 1337 (134)
637 1296 900 1337 Σαλμανασάρης
919 1294 979 1336 μὲν
998 1293 1058 1326 οὖν
1078 1295 1154 1326 ἀνα-

147 1351 266 1389 στήσας
288 1351 366 1386 τοὺς
382 1348 591 1390 Ἰσραηλίτας,
615 1348 793 1391 κατῴκισεν
812 1347 882 1379 ἀντ’
905 1348 1014 1379 αὐτῶν
1033 1348 1068 1378 τὸ
1088 1352 1155 1378 τῶν

148 1403 328 1433 Χουθαίων
352 1403 460 1438 ἔθνος,
487 1403 521 1432 οἳ
541 1403 703 1442 πρότερον
727 1399 886 1441 ἐνδοτέρω
910 1404 967 1440 τῆς
991 1400 1154 1439 Περσίδος

147 1454 200 1486 καὶ
220 1459 277 1494 τῆς
291 1455 425 1494 Μηδίας
443 1452 537 1494 ἦσαν,
557 1455 629 1485 τότε
649 1453 759 1495 μέντοι
775 1456 942 1494 Σαμαρεῖς
958 1451 1154 1491 ἐκλήθησαν,

147 1508 207 1547 τὴν
232 1512 287 1547 τῆς
310 1507 416 1547 χώρας
436 1508 482 1544 είς
501 1507 541 1547 ἣν
561 1508 812 1550 κατῳκίσθησαν
833 1506 1057 1547 προσηγορίαν
1077 1504 1153 1534 ἀνα-

147 1561 316 1600 λαβόντες·
350 1560 366 1590 ὁ
398 1558 432 1590 δὲ
464 1565 530 1590 τῶν
562 1560 787 1599 Βαβυλωνίων
819 1559 973 1598 βασιλεὺς
1004 1557 1061 1592 τὰς
1094 1556 1153 1586 δύο

148 1614 255 1653 φυλὰς
284 1612 450 1651 ἐξαγαγὼν
483 1611 581 1643 οὐδὲν
615 1613 713 1648 ἔθνος
746 1612 792 1647 εἰς
821 1611 881 1650 τὴν
909 1610 1017 1650 χώραν
1045 1608 1154 1639 αὐτῶν

1167 622 1192 640 10

1169 883 1192 903 15

1168 1132 1204 1165 20⁷

1169 1408 1193 1427 25

146 1664 318 1708 κατῴκισε,
345 1664 399 1695 καὶ
427 1665 481 1695 διὰ
510 1663 597 1695 τοῦτ’
630 1666 748 1705 ἔρημος
774 1663 794 1703 ἡ
816 1662 958 1694 Ἰουδαία
986 1666 1072 1693 πᾶσα
1100 1659 1153 1691 καὶ
1168 1669 1194 1688 30

219 1729 232 1757 ξ
250 1727 298 1751 180
315 1737 346 1746 --
363 1725 457 1750 Ierem.
473 1724 556 1749 XLIX
575 1727 614 1749 14.
