1261 1917
140 64 182 94 42
502 67 774 92 ΑΡΧΑΙΟΛΟΓΙΑΣ

140 145 245 185 μάχου
270 146 312 186 μὴ
337 146 541 187 βλεπομένου
565 152 609 189 τῷ
633 149 789 190 πολεμίῳ·
819 149 898 184 θεὸς
922 147 952 178 δ’
978 146 1019 188 ἦν
1043 145 1147 184 οὗτος.

140 196 192 228 καὶ
218 197 414 238 ἀνελόμενος
438 198 472 230 ἐκ
495 204 552 239 τῆς
575 200 680 241 πήρας
704 198 750 231 ὧν
775 201 821 237 είς
845 200 947 240 αὐτὴν
966 200 1147 240 κατέθηκεν

141 249 175 280 ἐκ
195 255 252 281 τοῦ
272 251 450 292 χειμάρρου
470 253 569 283 λίθον
588 252 656 291 ἕνα,
675 251 729 283 καὶ
749 252 893 293 ἁρμόσας
912 257 949 294 τῇ
970 254 1147 294 σφενδόνῃ,

140 303 252 343 βάλλει
276 305 334 335 τὸν
360 305 529 344 Γολιάθην
553 306 599 342 είς
618 306 654 336 τὸ
674 305 832 346 μέτωπον.
856 305 909 336 καὶ
929 306 1068 346 διῆλθεν
1088 305 1148 342 ἕως

140 361 199 387 τοῦ
223 355 406 397 ἐγκεφάλου
425 358 461 388 τὸ
481 357 617 397 βληθέν,
642 358 685 394 ὡς
704 357 806 395 εὐθὺς
825 357 1017 399 καρωθέντα
1036 364 1148 389 πεσεῖν
1163 370 1175 387 5

140 410 198 440 τὸν
215 410 383 449 Γολιάθην
400 409 450 440 ε’πὶ
466 410 526 450 τὴν
541 411 628 447 ὄψιν.
658 411 764 450 <19Ο>
781 411 915 451 δραμὼν
930 409 959 441 δ’
978 410 1147 451 ἐφίσταται

140 466 184 504 τῷ
208 464 352 505 πολεμίῳ
376 462 525 506 κειμένῳ,
556 462 608 494 καὶ
633 468 670 504 τῇ
695 464 842 505 ῥομφαίᾳ
866 468 902 504 τῇ
928 463 1066 503 ἐκείνου,
1089 464 1147 504 μά-

140 527 258 556 χαιραν
282 515 341 546 οὐκ
361 517 444 556 ἔχων
464 515 572 553 αὐτός,
596 515 769 556 ἀποτέμνει
789 517 848 556 τὴν
867 517 1013 556 κεφαλὴν
1037 516 1147 547 αὐτοῦ.

141 569 249 608 <191>
278 569 387 599 πεσὼν
415 568 445 599 δ’
476 568 493 599 ὁ
523 569 689 608 Γολιάθης
716 567 794 609 ἧττα
822 568 875 600 καὶ
905 570 994 609 φυγὴ
1022 571 1147 609 γίνεται

141 623 389 657 Παλαιστινοῑς·
410 622 467 652 τὸν
486 621 548 661 γὰρ
569 622 792 662 δοκιμώτατον
810 623 935 659 ἰδόντες
951 621 1148 663 ἐρριμμένον
1164 632 1188 651 10

139 673 193 704 καὶ
217 673 290 714 περὶ
311 679 376 704 τῶν
397 674 483 704 ὅλων
507 674 672 711 δείσαντες
691 674 799 705 οὐκέτι
824 674 935 715 μένειν
955 674 1148 714 διέγνωσαν,

140 725 211 757 ἀλλ’
251 728 368 768 αἰσχρᾷ
406 726 459 757 καὶ
497 726 626 770 ἀκόσμῳ
665 732 753 768 φυγῇ
791 728 993 768 παραδόντες
1029 727 1149 764 αὑτοὺς

141 779 330 820 ἐξαρπάζειν
354 785 420 810 τῶν
438 780 605 810 κινδύνων
627 779 813 821 ἐπειρῶντο.
860 780 1011 817 Σάουλος
1035 778 1071 811 δὲ
1095 779 1148 811 καὶ

140 837 202 869 πᾶς
231 832 247 863 ὁ
276 838 342 863 τῶν
366 831 527 873 Ἑβραίων
556 834 692 873 στρατὸς
719 832 936 870 ἀλαλάξαντες
965 832 1149 872 ἐκπηδῶσιν

141 887 187 922 εἰς
206 885 335 924 αὐτούς,
359 884 411 916 καὶ
432 886 574 922 πολλοὺς
594 885 857 925 ἀποσφάττοντες
876 886 1054 917 διώκουσιν
1073 886 1147 926 ἄχρι
1165 896 1188 914 15

140 944 206 970 τῶν
236 940 351 978 Γίττης
384 938 484 977 ὁρίων
516 937 569 968 καὶ
598 944 663 969 τῶν
695 941 810 969 πυλῶν
842 944 908 969 τῶν
938 937 1147 976 Ἀσκάλωνος.

141 992 245 1030 <19⁴2>
269 990 323 1022 καὶ
347 991 530 1030 θνήσκουσι
559 988 618 1031 μὲν
642 996 708 1021 τῶν
733 993 966 1022 Παλαιστινῶν
990 992 1037 1028 εἰς
1060 1000 1147 1032 τρισ-

141 1046 290 1084 μυρίους,
306 1042 357 1080 δὶς
372 1041 407 1074 δὲ
427 1047 577 1074 τοσοῦτοι
594 1045 787 1083 τραυματίαι
803 1045 961 1082 γίνονται.
996 1044 1148 1081 Σάουλος

141 1096 170 1127 δ’
188 1095 395 1137 ὑποστρέψας
414 1097 460 1132 εἰς
480 1096 701 1135 στρατόπεδον
721 1095 829 1126 αὐτῶν
849 1096 1014 1136 διαρπάζει
1035 1098 1070 1127 τὸ
1092 1109 1146 1137 χαᾲ

141 1150 274 1190 ράκωμα
297 1148 350 1179 καὶ
376 1148 563 1189 ἐνέπρησεν,
587 1149 646 1188 τὴν
671 1147 706 1179 δὲ
730 1149 877 1189 κεφαλὴν
899 1154 957 1179 τοῦ
979 1149 1147 1181 Γολιάθου
1163 1148 1203 1177 20⁸

140 1203 290 1242 Δαυίδης
314 1203 360 1238 είς
384 1201 443 1241 τὴν
468 1202 557 1232 ίδιάν
581 1201 705 1241 σκηνὴν
730 1200 872 1241 ἐκόμισε,
901 1200 953 1232 καὶ
982 1202 1042 1242 τὴν
1071 1202 1147 1243 ῥομ-

140 1257 244 1295 φαιάν
268 1254 409 1293 ἀνέθηκε
433 1258 476 1295 τῷ
500 1257 577 1296 θεῷ.

89 1311 129 1342 10
207 1308 313 1347 <193>
343 1307 475 1347 φθόνον
508 1305 543 1337 δὲ
576 1306 629 1337 καὶ
662 1312 756 1347 μῖσος
787 1311 846 1338 τοῦ
879 1308 1035 1338 Σαούλου
1067 1309 1148 1349 πρὸς

140 1361 241 1392 αὐτὸν
274 1361 310 1391 αἱ
340 1365 493 1399 γυναῖκες
528 1359 746 1399 ἐρεθίζουσιν·
793 1360 982 1390 ὑπαντῶσαι
1015 1360 1076 1400 γάρ
1109 1364 1146 1400 τῇ

141 1418 275 1455 στρατιᾷ
298 1413 467 1454 νικηφόρῳ
496 1413 574 1452 μετὰ
603 1412 780 1452 κυμβάλων
808 1411 860 1443 καὶ
889 1412 1067 1452 τυμπάνων
1095 1411 1147 1443 καὶ
1163 1422 1187 1441 25

140 1468 296 1502 παντοίας
311 1470 412 1506 χαρᾶς
426 1462 509 1506 ᾖδον
520 1465 555 1496 αἶ
568 1463 628 1506 μὲν
639 1471 791 1504 γυναῖκες
806 1465 850 1502 ὡς
863 1466 986 1502 πολλὰς
997 1465 1148 1502 Σάουλος

140 1520 285 1550 ἀπώλεσε
319 1521 552 1549 Παλαιστινῶν
584 1518 746 1558 χιλιάδας,
779 1519 815 1549 αἱ
844 1517 1006 1558 παρθένοι
1040 1516 1068 1548 δ’
1104 1518 1148 1554 ὡς

141 1572 302 1613 μυριάδας
317 1571 466 1610 Δαυίδης
481 1570 660 1610 ἀφανίσειε.
708 1570 814 1609 <194>
829 1571 954 1601 τούτων
970 1569 999 1600 δ’
1017 1570 1147 1601 ἀκούων

141 1625 157 1655 ὁ
182 1624 349 1665 βασιλεύς,
378 1623 421 1660 ὡς
449 1624 484 1653 τὸ
513 1621 572 1663 μὲν
601 1624 735 1654 ἔλαττον
763 1627 819 1662 τῆς
847 1624 1026 1663 μαρτυρίας
1050 1622 1148 1660 αὐτὸς

141 1678 249 1718 λάβοι,
286 1677 322 1707 τὸ
360 1674 396 1706 δὲ
433 1681 499 1706 τῶν
531 1675 701 1716 μυριάδων
734 1678 863 1715 πλῆθος
895 1675 1069 1715 ἀνατεθείη
1103 1680 1147 1718 τῷ
1162 1684 1187 1703 30

210 1742 224 1770 ς
242 1740 290 1762 189
312 1749 344 1757 ζ
366 1739 378 1761 1
395 1736 463 1768 Reg.
483 1735 559 1761 XVII
575 1739 616 1761 49.
