1261 1917
178 71 239 102 106
538 74 810 99 ΑΡΧΑΙΟΛΟΓΙΑΣ

173 151 369 192 Ἀδράζαρον
399 151 539 184 ἐπύθετο
563 152 616 184 καὶ
645 154 706 193 τὴν
730 154 872 195 δύναμιν
896 154 997 185 αὐτοῦ
1021 155 1183 195 διεφθαρ-

175 204 278 245 μένην
296 205 426 245 ἤκουσε,
446 206 556 243 δείσας
574 205 648 247 περὶ
669 206 767 249 αὐτῷ,
786 206 840 238 καὶ
860 208 918 238 τὸν
932 208 1085 247 Δαυίδην
1104 207 1183 248 πρὶν

175 256 224 288 ἐπ’
251 258 352 289 αὐτὸν
381 259 473 290 ἔλθοι
503 261 598 301 φιλία
625 258 679 290 καὶ
707 261 813 291 πίστει
842 261 942 299 γνοὺς
969 259 1182 300 ἐνδήσασθαι,

174 309 291 351 πέμπει
319 311 401 352 πρὸς
434 311 535 343 αὐτὸν
562 311 751 353 Ἀδώραμον
784 313 842 344 τὸν
869 313 945 344 υἱὸν
977 313 1093 353 αὐτοῦ,
1128 313 1180 344 καὶ

173 362 247 404 περὶ
270 367 329 394 τοῦ
353 365 411 395 τὸν
432 363 630 406 Ἀδράζαρον
654 364 777 406 ἐχθρὸν
801 364 869 397 ὄντ’
891 365 978 408 αὐτῷ
1000 368 1181 406 πολεμῆσαι
1196 376 1208 396 5

172 416 270 457 χάριν
294 418 380 457 ἔχειν
404 417 586 458 ὁμολογῶν,
609 417 663 449 καὶ
688 420 875 459 συμμαχίαν
898 419 980 460 πρὸς
1004 419 1105 450 αὐτὸν
1128 417 1182 449 καὶ

174 471 289 509 φιλίαν
312 470 518 510 ποιούμενος.
566 471 674 510 <108>
700 472 820 511 ἔπεμψε
846 469 876 501 δ’
899 471 986 513 αὐτῷ
1009 469 1061 501 καὶ
1082 471 1182 511 δῶρα,

173 523 271 562 σκεύη
294 527 352 562 τῆς
375 522 511 563 ἀρχαίας
534 527 745 563 κατασκευῆς,
773 528 877 565 χρυσᾶ
901 522 954 554 καὶ
978 523 1105 565 ἀργυρᾶ
1128 523 1182 554 καὶ

173 578 283 615 χαλκᾶ.
330 576 480 615 Δαυίδης
504 574 540 606 δὲ
563 576 782 617 ποιησάμενος
807 577 867 616 τὴν
891 578 1078 617 συμμαχίαν
1101 578 1183 617 πρὸς

174 628 231 657 τὸν
266 629 391 658 Θαῖνον
425 626 539 669 (τοῦτο
579 629 640 669 γὰρ
677 626 719 669 ἧν
752 630 855 669 ὄνομα
887 633 931 671 τῷ
965 631 1094 669 βασιλεῖ
1124 634 1182 670 τῆς
1197 639 1222 659 10
1259 634 1261 651 ²

172 679 328 720 Ἀμάθης)
353 679 406 711 καὶ
430 681 469 711 τὰ
494 681 583 722 δῶρα
608 682 782 722 δεξάμενος
813 680 975 713 ἀπέλυσεν
999 682 1100 713 αὐτοῦ
1124 683 1182 714 τὸν

172 733 248 764 υἱὸν
268 734 347 773 μετὰ
366 737 461 774 τιμῆς
481 739 538 774 τῆς
555 735 743 775 πρεπούσης
767 733 939 775 ἑκατέροις.
985 735 1024 765 τὰ
1049 733 1085 765 δὲ
1104 745 1182 775 πεμ-

173 784 292 826 φθέντ’
318 785 373 817 ὑπ’
395 787 497 818 αὐτοῦ
524 786 578 818 καὶ
602 788 660 818 τὸν
684 788 785 818 ἄλλον
809 787 933 828 χρυσὸν
951 786 1005 818 καὶ
1025 787 1182 828 ἄργυρον,

172 838 212 869 ὃν
246 838 280 869 ἐκ
312 845 378 870 τῶν
415 841 543 871 πόλεων
576 841 703 880 εἰλήφει
741 839 794 871 καὶ
832 845 898 871 τῶν
937 839 1182 881 κεχειρωμένων

172 890 298 929 ἐθνῶν,
327 890 439 932 φέρων
467 891 643 932 ἀνατίθησι
672 897 716 934 τῷ
746 896 823 935 θεῷ.
869 892 977 931 <ΙΟ9>
1007 892 1066 924 οὐκ
1095 893 1182 935 αὐτῷ
1198 902 1222 921 15

172 943 207 975 δὲ
236 947 433 985 πολεμοῦντι
462 946 566 985 μόνον
593 944 646 976 καὶ
675 949 732 986 τῆς
765 950 917 986 στρατιᾶς
944 944 1116 988 ἡγουμένῳ
1145 946 1181 976 τὸ

171 1002 267 1028 νικᾶν
282 996 335 1028 καὶ
355 1001 543 1038 κατορθοῦν
557 1003 712 1038 παρεῖχεν
730 998 747 1029 ὁ
762 999 851 1035 θεός,
869 998 951 1029 ἀλλὰ
965 997 1018 1029 καὶ
1035 997 1181 1038 πέμψαν-

172 1061 226 1087 τος
246 1050 347 1081 αὐτοῦ
368 1051 446 1091 μετὰ
466 1050 637 1091 δυνάμεως
656 1051 702 1087 είς
719 1051 780 1090 τὴν
792 1049 978 1091 Ἰδουμαίαν
991 1049 1181 1091 Ἀβεσσαῖον

172 1104 229 1134 τὸν
251 1102 386 1144 Ἰωάβου
414 1108 472 1134 τοῦ
502 1103 761 1144 ἀρχιστρατήγου
790 1103 950 1144 ἀδελφόν,
979 1102 1022 1134 δι’
1054 1102 1181 1134 ἐκείνου
1198 1141 1204 1146 .

171 1157 231 1196 τὴν
254 1162 320 1187 τῶν
342 1155 534 1197 Ἰδουμαίων
557 1158 653 1196 νίκην
677 1157 790 1188 ἔδωκε·
822 1158 962 1197 μυρίους
986 1156 1047 1197 γὰρ
1072 1156 1181 1187 αὐτῶν
1196 1166 1221 1185 20

170 1208 223 1240 καὶ
249 1209 509 1250 ὀκτακισχιλίους
530 1208 716 1249 Ἀβεσσαῖος
739 1209 910 1250 διέφθειρε
934 1214 972 1250 τῇ
997 1209 1089 1250 μάχῃ.
1127 1207 1180 1240 καὶ

171 1263 231 1302 τὴν
252 1261 440 1302 Ἰδουμαίαν
465 1263 594 1293 ἅπασαν
614 1268 776 1303 φρουραῖς
796 1263 963 1302 διαλαβὼν
987 1262 1004 1293 ὁ
1028 1263 1181 1302 βασιλεὺς

171 1316 297 1355 φόρους
320 1314 402 1355 ὑπέρ
431 1326 464 1346 τε
493 1320 550 1356 τῆς
577 1316 684 1356 χώρας
712 1314 764 1346 καὶ
796 1320 853 1356 τῆς
876 1314 1014 1346 ἑκάστου
1037 1317 1182 1355 κεφαλῆς

170 1366 247 1408 παρ’
279 1367 388 1398 αὐτῶν
416 1367 552 1408 ἐδέχετο.
604 1368 711 1407 <110>
740 1366 781 1408 ἧν
815 1366 849 1399 δὲ
883 1367 936 1399 καὶ
968 1368 1093 1404 δίκαιος
1120 1367 1180 1407 τὴν

171 1421 274 1460 φύσιν
306 1419 359 1451 καὶ
393 1421 449 1457 τὰς
482 1422 605 1461 κρίσεις
637 1422 718 1461 πρὸς
750 1421 810 1460 τὴν
843 1420 1004 1460 ἀλήθειαν
1043 1420 1180 1460 ἀφορῶν
1195 1429 1220 1448 25

171 1472 320 1503 ἐποιεῖτο.
368 1474 550 1513 στρατηγὸν
576 1473 605 1504 δ’
628 1473 753 1513 ἁπάσης
777 1472 841 1514 εἶχε
866 1478 922 1514 τῆς
946 1478 1098 1514 στρατιᾶς
1121 1474 1179 1504 τὸν

167 1524 315 1566 Ἰώαβον,
349 1525 399 1557 ἐπὶ
434 1525 469 1557 δὲ
502 1532 568 1557 τῶν
600 1526 843 1566 ὑπομνημάτων
870 1525 1069 1566 Ἰωσάφατον
1103 1526 1178 1556 υΐὸν

167 1577 295 1618 Ἀχίλου
313 1578 521 1618 κατέστησεν·
546 1578 693 1616 ἀπέδειξε
713 1578 743 1609 δ’
762 1578 796 1610 ἐκ
815 1583 872 1619 τῆς
893 1577 1053 1609 Φινεέσου
1073 1579 1178 1615 οἰκίας

169 1631 227 1661 τὸν
247 1631 409 1662 Σάδωκον
434 1630 585 1672 ἀρχιερέα
605 1630 673 1671 μετ’
697 1630 897 1672 Ἀβιαθάρου
918 1630 1029 1672 (φίλος
1053 1632 1113 1671 γὰρ
1137 1628 1179 1670 ’ἧν

242 1702 256 1731 ἓ
273 1702 321 1725 107
344 1713 376 1721 =
398 1703 409 1725 1
431 1699 520 1726 Paral.
541 1699 631 1725 XVIII
648 1703 676 1731 93
697 1703 712 1725 2
732 1700 799 1733 Reg.
820 1700 883 1725 vm
898 1704 922 1727 9.
1045 1703 1059 1732 ξ
1076 1702 1124 1726 109
1146 1712 1178 1722 =

175 1747 187 1769 1
204 1743 293 1770 Paral.
314 1743 405 1769 XVIII
423 1746 467 1775 123
488 1746 502 1769 i!
518 1743 585 1777 Reg.
602 1743 666 1769 VIII
683 1747 722 1769 13.
