1261 1917
165 10 230 42 290
531 13 801 37 ΑΡΧΑΙΟΛΟΓΙΑΣ

165 102 198 121 τε
218 90 271 121 καὶ
291 90 464 132 φαρέτρας,
483 90 536 122 καὶ
557 95 589 122 εἴ
604 104 634 122 τι
652 92 764 133 ἕτερον
784 90 870 129 εἶδος
885 93 987 124 ὅπλου
1006 92 1173 133 κατέλαβε,

166 142 218 174 καὶ
243 144 535 185 καθωπλισμένους
560 145 693 184 ἔστησεν
722 144 757 175 έν
785 145 891 187 κύκλῳ
920 144 993 185 περὶ
1022 146 1057 176 τὸ
1083 145 1172 185 ἱερὸν

166 195 416 237 συναιρομένους
435 197 494 236 τὴν
514 202 605 237 χεῖρα
624 196 677 227 καὶ
696 197 756 236 τὴν
778 197 909 228 εἴσοδον
927 203 995 234 τοῖς
1015 197 1054 228 οὐ
1073 205 1172 238 προσ-

166 249 302 288 ήκουσιν
330 248 433 285 οὕτως
461 249 735 289 ἀποτειχίσοντας.
787 250 902 289 <149>
932 250 1173 289 συναγαγόντες

167 299 202 331 δὲ
231 302 288 332 τὸν
315 301 416 332 παῖδα
445 302 491 338 εἰς
519 302 554 332 τὸ
583 301 683 342 μέσον
712 300 873 333 ἐπέθεσαν
902 302 988 344 αὐτῷ
1017 302 1074 333 τὸν
1103 301 1171 332 στέ-

166 365 274 394 φανον
306 355 364 385 τὸν
397 355 582 394 βασιλικόν,
615 353 667 384 καὶ
701 358 744 396 τῷ
778 353 874 396 ἐλαίῳ
903 356 1017 395 χρίσας
1042 353 1172 391 Ἰώδαος

166 405 312 443 ἀπέδειξε
341 405 484 446 βασιλέα.
536 407 571 437 τὸ
601 405 636 437 δὲ
669 409 797 446 πλῆθος
829 412 945 447 χαῖρον
977 405 1030 437 καὶ
1058 418 1172 447 κροτα-

167 459 255 496 λίζον
280 457 357 498 ἐβόα
381 459 541 496 σώζεσθαι
566 460 623 489 τὸν
647 458 791 498 βασιλέα.

234 511 349 550 <150>
374 515 432 541 τοῦ
457 509 491 541 δὲ
516 512 667 552 θορύβου
691 510 744 541 καὶ
768 516 834 542 τῶν
858 510 1001 542 ἐπαίνων
1026 512 1172 542 Γοθολία

166 561 241 603 παρ’
270 562 403 599 ἐλπίδας
427 562 606 603 ἀκούσασα,
635 562 855 604 τεταραγμένη
885 563 1013 604 σφόδρα
1041 568 1078 604 τῇ
1103 563 1172 594 δια-

166 616 241 656 νοίᾳ
265 616 343 655 μετὰ
368 619 424 655 τῆς
449 616 534 652 ἰδίας
558 615 731 655 ἐξεπήδησε
761 620 912 656 στρατιᾶς
939 615 973 646 ἐκ
998 620 1057 647 τοῦ
1081 617 1172 656 βασι-

167 669 266 699 λείου.
311 666 364 698 καὶ
389 667 658 708 παραγενομένην
683 669 729 705 εἰς
752 669 788 699 τὸ
814 668 904 709 ἱερὸν
931 668 1034 708 αὐτὴν
1057 669 1091 699 οἶ
1113 666 1172 709 μὲν

168 721 264 761 ἱερεῖς
288 719 504 760 εἰσδέχονται,
533 721 609 757 τοὺς
637 718 667 750 δ’
695 719 874 761 ἑπομένους
902 720 1035 758 ὁπλίτας
1064 718 1173 762 εἶρξαν

167 774 331 804 εἰσελθεῖν
360 773 394 803 oc
419 778 630 813 περιεστῶτες
659 772 694 803 ἐν
722 773 829 815 κύκλῳ
857 779 923 804 τῶν
946 773 1010 804 ὑπὸ
1034 777 1092 804 τοῦ
1117 773 1172 814 ἀρ-

166 824 298 866 χιερέως
322 830 417 856 τοῦτο
441 824 740 865 προστεταγμένων.
780 826 887 865 <151>
913 826 1029 856 ἰδοῦσα
1053 823 1089 856 δὲ
1112 826 1171 856 Γο-

166 879 266 909 θολία
290 879 347 908 τὸν
366 878 467 908 παῖδα
487 877 538 908 ἐπὶ
558 882 614 917 τῆς
634 882 754 917 σκηνῆς
778 876 899 908 ἑστῶτα
923 877 975 909 καὶ
1000 879 1058 909 τὸν
1081 880 1172 919 βασι-

167 931 259 961 λικὸν
279 931 504 971 περικείμενον
524 929 698 970 στέφανον,
717 929 976 970 περιρρηξαμένη
991 928 1044 960 καὶ
1060 930 1172 961 δεινὸν

167 983 397 1023 ἀνακραγοῦσα
412 983 568 1022 φονεύειν
584 981 710 1013 ἐκέλευε
725 983 782 1013 τὸν
798 981 1075 1022 ἐπιβουλεύσαντα
1090 982 1171 1024 αὐτῇ

167 1035 219 1066 καὶ
248 1035 308 1074 τὴν
336 1034 439 1076 ἀρχὴν
472 1033 654 1074 ἀφελέσθαι
688 1034 927 1065 σπουδάσαντα.
975 1033 1105 1072 Ἰώδαος
1136 1033 1172 1066 δὲ

167 1086 304 1124 καλέσας
328 1088 404 1123 τοὺς
428 1085 683 1127 ἑκατοντάρχους
703 1085 871 1117 ἐκέλευσεν
895 1086 1014 1124 αὐτοὺς
1033 1087 1171 1127 ἀγαγόν-
1186 1096 1196 1114 2

167 1152 224 1177 τας
257 1140 316 1179 τὴν
347 1140 515 1170 Γοθολίαν
548 1140 593 1176 εἰς
625 1139 685 1178 τὴν
718 1139 871 1179 φάραγγα
904 1140 963 1179 τὴν
995 1140 1172 1181 Κεδρῶνος

167 1192 296 1223 ἀνελεῖν
320 1191 423 1231 αὐτὴν
447 1191 523 1222 ἐκεῖ·
549 1192 591 1231 μὴ
611 1192 672 1232 γὰρ
692 1192 872 1231 βούλεσθαι
891 1196 1004 1232 μιᾶναι
1025 1193 1060 1223 τὸ
1082 1193 1172 1233 ἱερὸν

167 1244 286 1275 αὐτόθι
305 1244 364 1284 τὴν
380 1243 548 1284 ἀλιτήριον
563 1244 839 1284 τιμωρησάμενον.
876 1244 982 1283 <152>
996 1244 1171 1285 προσέταξε

168 1296 214 1336 δέ,
237 1296 298 1328 κᾶν
317 1298 454 1336 βοηθῶν
473 1307 521 1333 τις
540 1294 719 1336 προσέλθῃ,
738 1296 890 1327 κάκεῖνον
909 1296 1046 1327 ἀνελεῖν.
1079 1296 1171 1328 ἐλλα-

168 1350 301 1390 βόμενοι
331 1350 444 1380 τοίνυν
472 1353 528 1388 τῆς
558 1349 722 1385 Γοθολίας
752 1349 785 1379 οἱ
811 1348 1085 1389 προστεταγμένοι
1113 1350 1172 1389 τὴν

168 1401 337 1442 ἀναίρεσιν
361 1400 470 1441 αὐτῆς,
496 1399 547 1431 ἐπὶ
571 1401 630 1440 τὴν
653 1402 761 1440 πύλην
784 1407 850 1432 τῶν
869 1401 1015 1442 ἡμιόνων
1033 1406 1091 1433 τοῦ
1114 1403 1170 1442 βα-

169 1453 284 1491 σιλέως
307 1454 442 1494 ἤγαγον,
466 1453 559 1484 κάκεῖ
580 1453 802 1493 διεχρήσαντο.

234 1507 341 1546 <153>
366 1507 409 1543 ὡς
433 1504 468 1536 δὲ
493 1506 530 1536 τὰ
554 1505 627 1546 περὶ
651 1506 711 1545 τὴν
731 1507 898 1537 Γοθολιάν
921 1510 1038 1536 τοῦτον
1060 1505 1170 1547 ἐστρα-

167 1560 295 1599 τηγήθη
315 1560 373 1589 τὸν
391 1559 523 1599 τρόπον,
547 1557 747 1596 συγκαλέσας
770 1560 827 1589 τόν
847 1569 879 1589 τε
899 1559 1004 1598 δῆμον
1022 1557 1075 1589 καὶ
1095 1560 1171 1595 τοὺς

1189 573 1213 591 10

1187 834 1246 853 15

1186 1357 1211 1377 25

168 1611 301 1648 ὁπλίτας
329 1609 457 1647 Ἰώδαος
490 1611 535 1646 εἰς
566 1611 601 1640 τὸ
633 1610 722 1650 [ερὸν
753 1609 939 1650 ἐξώρκωσεν
969 1609 1097 1642 εὐνοεῖν
1126 1615 1170 1654 τῷ
1184 1617 1209 1637 30

239 1673 253 1702 ἓ
271 1673 319 1696 149
341 1683 372 1692 =
393 1673 408 1695 4
423 1670 489 1702 Reg.
506 1670 542 1695 XI
559 1672 603 1701 123
624 1672 638 1695 2
654 1669 848 1695 Paral.XX1H
866 1673 904 1696 11.
