1261 1917
182 66 224 97 64
543 67 814 91 ΑΡΧΑΙΟΛΟΓΙΑΣ

182 147 240 183 λὰς
258 146 345 177 πάνυ
364 145 485 187 ἡμέρας
506 147 677 185 ἔκλαυσαν,
701 146 741 177 οὐ
760 147 873 177 κοινὸν
893 150 988 176 τοῦτο
1007 145 1185 186 πάσχοντες

182 199 226 236 ὡς
250 197 298 230 ἐπ’
326 199 500 239 ἀλλοτρίου
524 201 666 239 τελευτῇ,
690 198 733 235 ὡς
753 200 874 229 οἰκεῖον
894 196 924 228 δ’
946 197 1078 235 ἕκαστος
1099 198 1185 229 ἴδιον

182 255 308 283 ποθῶν.
358 252 465 291 <294>
491 251 617 290 ἐγένετο
646 249 676 281 δ’
703 250 785 291 ἀνὴρ
815 252 939 287 δίκαιος
967 250 1019 281 καὶ
1048 252 1186 291 χρηστὸς

183 305 242 344 τὴν
275 304 392 344 φύσιν,
430 302 482 334 καὶ
517 304 570 333 διὰ
603 307 700 334 τοῦτο
734 303 871 344 μάλιστα
904 305 1000 343 φίλος
1032 307 1075 345 τῷ
1108 306 1185 345 θεῷ.

182 354 257 397 ἦρξε
291 355 326 387 δὲ
358 355 410 387 καὶ
444 357 588 396 προῦστη
617 360 675 387 τοῦ
711 359 792 387 λαοῦ
820 356 898 396 μετὰ
926 356 985 395 τὴν
1011 354 1098 386 Ἠλεὶ
1128 360 1185 386 τοῦ

183 409 356 450 ἀρχιερέως
384 409 536 448 τελευτὴν
565 410 665 449 μόνος
697 407 757 449 μὲν
788 410 841 448 ε”τη
871 409 1011 447 δώδεκα,
1044 409 1122 449 μετὰ
1151 406 1185 439 δὲ

183 466 241 492 τοῦ
266 462 420 492 Σαούλου
444 466 502 492 τοῦ
526 461 685 502 βασιλέως
709 461 786 492 δέκα
810 463 890 502 πρὸς
913 467 982 498 τοῖς
1006 461 1097 492 ὀκτώ.

251 515 355 553 (295)
380 513 432 545 καὶ
456 515 494 545 τὰ
518 513 578 555 μὲν
601 513 674 554 περὶ
696 515 893 555 Σαμούηλον
912 518 1007 544 τοῦτο
1027 515 1063 544 τὸ
1087 512 1186 553 πέρας

184 568 286 607 ἔσχεν,
310 565 351 606 ἦν
376 566 413 598 δέ
435 579 483 603 τις
506 573 572 598 τῶν
593 569 750 607 Ζιφηνῶν
771 566 804 597 ἐκ
823 568 947 603 πόλεως
964 565 1062 606 Ἐμμᾶ
1087 566 1185 596 πλού-

184 628 253 655 σιος
285 618 338 649 καὶ
371 619 655 660 πολυθρέμματος·
694 621 882 660 τρισχιλίων
914 617 973 659 μὲν
1006 619 1066 658 γὰρ
1100 617 1186 660 αὐτῷ

183 673 304 712 ποίμνη
320 671 492 712 προβάτων
509 671 648 711 ἐνέμετο,
664 673 778 711 χιλίων
794 670 822 702 δ’
837 672 949 710 αἰγῶν.
973 675 1073 701 ταῦτα
1084 672 1186 700 Δαυί-

184 725 243 764 δης
266 724 361 764 ἀσινῆ
387 730 498 764 τηρεῖν
522 735 553 754 τε
581 723 633 754 καὶ
658 723 783 764 ἀβλαβῆ
808 724 1010 764 παρήγγελλε
1034 727 1102 759 τοῖς
1126 723 1187 752 σὺν

184 777 281 819 αὐτῷ,
305 776 357 807 καὶ
381 776 460 818 μήθ’
483 777 545 808 ὑπὸ
571 776 748 817 ἐπιθυμίας
771 775 850 817 μήθ’
873 776 936 807 ὑπὸ
957 775 1082 812 ἐνδείας
1105 773 1184 815 μήθ’

184 831 247 862 ὑπὸ
276 835 332 870 τῆς
361 830 493 871 ἐρημίας
521 829 571 860 καῖ
604 834 662 860 τοῦ
692 830 856 860 δύνασθαι
886 828 1066 860 λανθάνειν
1093 839 1188 858 κατα-

184 883 349 924 βλάπτειν,
368 883 494 914 τούτων
509 881 538 913 δ’
557 882 710 913 ἁπάντων
726 881 832 913 ἐπάνω
848 884 1003 912 τίθεσθαι
1022 882 1058 912 τὸ
1074 879 1185 921 μηδέν’

185 935 321 974 ἀδικεῖν,
351 934 404 966 καὶ
428 935 463 966 τὸ
489 940 554 965 τῶν
578 934 759 974 ἀλλοτρίων
784 935 942 965 ἅπτεσθαι
968 934 1079 964 δεινὸν
1102 933 1188 973 ἡγεῖ-

185 991 263 1018 σθαι
288 986 340 1018 καὶ
365 989 544 1028 πρόσαντες
572 992 615 1029 τῷ
640 990 716 1029 θεῷ.
764 987 870 1026 <296>
894 990 994 1017 ταῦτα
1024 984 1053 1016 δ’
1082 985 1188 1016 ἐὸἰ’δα«

185 1049 261 1071 σκεν
285 1040 405 1077 αὐτοὺς
428 1041 577 1080 οἰόμενος
597 1039 762 1082 ἀνθρώπῳ
783 1040 980 1080 χαρίσασθαι
1001 1038 1116 1080 ἀγαθῷ
1135 1036 1185 1068 καὶ

185 1093 303 1132 ταύτης
327 1093 500 1132 τυγχάνειν
524 1092 602 1134 ἀξίῳ
626 1097 683 1132 τῆς
706 1093 871 1132 προνοίας.
918 1089 959 1130 ἧν
979 1090 1013 1122 δὲ
1035 1090 1188 1130 Νάβαλος

186 1150 295 1179 (τοῦτο
325 1146 386 1185 γαρ
421 1142 506 1185 εἶχεν
540 1144 656 1185 ὄνομα)
690 1145 828 1185 σκληρὸς
861 1143 911 1174 καὶ
946 1144 1089 1183 πονηρὸς
1121 1148 1189 1179 τοῖς

186 1197 453 1238 ἐπιτηδεύμασιν,
483 1196 516 1228 ἐκ
544 1202 678 1237 κυνικῆς
707 1197 870 1236 ἀσκήσεως
894 1195 1109 1236 πεποιημένος
1132 1196 1189 1226 τὸν

186 1252 270 1291 βίον,
295 1251 450 1290 γυναικὸς
474 1249 503 1280 δ’
531 1249 658 1289 ἀγαθῆς
686 1249 735 1280 καὶ
768 1250 939 1290 σώφρονος
967 1247 1019 1279 καὶ
1043 1249 1079 1279 τὸ
1104 1245 1190 1284 εἶδος

187 1304 367 1340 σπουδαίας
396 1303 564 1343 λελογχώς.
611 1303 718 1341 (297)
746 1302 827 1343 πρὸς
857 1299 918 1332 οὖν
945 1302 1003 1332 τὸν
1033 1301 1189 1341 Νάβαλον

186 1360 314 1395 τοῦτον,
338 1354 417 1386 καθ’
444 1355 482 1386 ὃν
507 1357 607 1395 ἔκειρε
632 1356 669 1386 τὰ
694 1356 840 1395 πρόβατα
864 1355 992 1395 καιρόν,
1021 1352 1148 1394 πέμψας
1173 1352 1188 1383 ὁ

187 1409 337 1448 Δαυίδης
356 1409 478 1448 ἄνδρας
498 1407 575 1439 δέκα
594 1413 660 1439 τῶν
680 1409 741 1438 σὺν
760 1407 857 1449 αὐτῷ,
878 1407 932 1437 διὰ
951 1406 1075 1437 τούτων
1090 1404 1190 1435 αὐτὸν

188 1461 358 1498 ἀσπάζεται
382 1460 435 1492 καὶ
460 1461 650 1501 συνεύχεται
675 1465 769 1491 τοῦτο
794 1465 900 1490 ποιεῖν
925 1457 973 1489 ἐπ’
996 1460 1048 1497 ε”τη
1072 1457 1188 1488 πολλά

187 1520 366 1555 παρασχεῖν
399 1513 428 1544 δ’
461 1514 492 1550 ἐξ
526 1511 571 1544 ὧν
605 1514 743 1549 δυνατός
776 1512 864 1542 ἐστιν
892 1511 978 1553 αὐτῷ
1006 1510 1189 1550 παρεκάλει,

188 1567 337 1606 μαθόντα
361 1578 446 1605 παρα
471 1571 536 1596 τῶν
560 1565 724 1605 ποιμένων
744 1565 792 1595 ὅτι
817 1562 919 1604 μηδεν
938 1563 1057 1599 αὐτοὺς
1080 1562 1189 1601 ἠδική-

187 1630 299 1658 καμεν,
319 1618 399 1648 ἀλλὰ
420 1618 562 1657 φυλακες
581 1617 689 1648 αὐτῶν
708 1628 741 1647 τε
761 1615 813 1647 καὶ
833 1628 898 1647 των
917 1617 1080 1656 ποιμνίων
1100 1615 1189 1654 γεγό-

1203 626 1226 643 10

1204 888 1228 906 15

1198 1135 1229 1167 ⁷20
1241 1151 1247 1162 Α

1206 1410 1229 1429 25

1242 1470 1244 1477 x

1243 1479 1244 1490 1

188 1682 305 1711 ναμεν,
333 1672 438 1701 πολὺν
467 1669 501 1701 ἐν
525 1675 562 1711 τῆ
588 1669 693 1712 ἐρήμῳ
726 1669 948 1709 διατριβοντες
973 1667 1032 1707 ἠδη
1057 1668 1189 1707 χρόνον·
1206 1670 1244 1691 ³0¹

261 1733 340 1761 §293
362 1742 393 1751 Ε
416 1733 427 1755 1
445 1729 511 1762 Reg
533 1729 647 1754 xxv1

1243 1714 1245 1744 V

1244 1774 1245 1803 1
