1261 1917
577 70 719 93 AEKATH
1090 68 1154 99 353

141 149 301 190 ὠφελείας
324 148 532 190 ἀνακομίζειν
561 149 608 186 είς
630 149 690 188 τὴν
715 150 950 189 Βαβυλωνίαν,
978 148 1077 186 αὐτὸς
1101 149 1155 190 ὁρ-

140 203 245 242 μήσας
268 201 439 241 ὀλιγοστὸς
468 202 522 233 διὰ
547 206 604 242 τῆς
629 201 750 242 ἐρήμου
775 204 989 242 παραγίνεται
1020 203 1066 239 εἰς
1090 205 1154 234 Βα-

140 257 281 296 βυλῶνα.
311 255 417 294 (223)
433 255 634 295 παραλαβὼν
650 253 685 285 δὲ
700 255 739 285 τὰ
754 255 927 295 πράγματα
942 256 1154 295 διοικούμενα

139 308 203 339 ὑπὸ
228 308 404 339 Χαλδαίων
432 307 485 338 καὶ
511 307 774 348 διατηρουμένην
802 308 862 348 τὴν
890 309 1061 348 βασιλείαν
1089 308 1153 339 ὑπὸ

112 370 124 389 5
139 365 197 392 τοῦ
221 362 392 402 βελτίστου
416 361 536 401 αὐτῶν,
560 361 736 401 κυριεύσας
758 360 941 402 ὁλοκλήρου
965 366 1022 401 τῆς
1041 372 1154 402 πατρι-

137 418 196 454 κῆς
220 413 331 455 ἀρχῆς,
356 420 424 451 τοῖς
448 412 508 454 μὲν
532 414 750 454 αἰχμαλώτοις
771 413 1052 455 παραγενομένοις
1076 423 1154 445 συν-

138 465 249 504 έταξεν
278 466 430 504 ἀποικίας
458 466 494 497 ἐν
522 472 591 504 τοῖς
616 466 892 506 ἐπιτηδειοτάτοις
915 471 972 506 τῆς
996 468 1154 506 Βαβυλω-

138 521 211 556 νιάς
229 521 342 556 τόποις
361 519 540 559 ἀποδεῖξαι,
566 519 674 559 <224>
699 519 799 556 αὐτὸς
818 518 847 550 δ’
871 519 934 550 ἀπὸ
955 525 1021 551 τῶν
1041 519 1075 551 ἐκ
1095 524 1153 551 τοῦ

136 571 283 613 πολέμου
307 573 467 613 λαφύρων
490 574 526 603 τό
546 584 579 603 τε
599 577 658 603 τοῦ
679 573 790 612 Βήλου
811 573 902 613 ιἐρὸν
923 571 976 604 καὶ
997 573 1036 603 τὰ
1056 574 1153 604 λοιπὰ

98 635 123 654 10
137 626 303 666 κοσμήσας
323 627 513 666 φιλοτίμως,
538 626 597 666 τήν
617 624 653 656 θ’
675 626 890 666 ὑπάρχουσαν
915 625 946 663 ἐξ
971 625 1072 667 ἀρχῆς
1095 627 1153 657 πό-

137 681 191 710 λιν
210 678 434 716 ἀνακαινίσας,
453 677 506 710 καὶ
527 677 642 719 ἑτέραν
661 679 962 719 καταχαρισάμενος
981 678 1033 709 καὶ
1054 678 1153 719 ἀναγ-

136 732 238 769 κάσας
264 732 347 772 πρὸς
375 732 411 763 τὸ
440 731 552 772 μηκέτι
584 732 751 762 δύνασθαι
785 733 862 768 τοὺς
894 734 1154 772 πολιορκοῦντας

136 785 195 816 τὸν
218 786 366 825 ποταμὸν
390 783 658 825 ἀναστρέφοντας
687 783 736 815 ἐπὶ
767 784 827 824 τὴν
855 785 954 815 πόλιν
977 792 1153 815 κατασκευ-

137 837 239 877 άζειν,
268 837 479 879 περιεβάλετο
508 843 596 878 τρεῖς
624 835 684 878 μὲν
708 842 766 878 τῆς
790 838 889 868 ἔνδον
912 838 1038 874 πόλεως
1063 847 1153 878 περι-

98 901 122 920 15
136 892 257 931 βόλους
280 896 368 931 τρεῖς
392 888 427 921 δὲ
452 895 508 931 τῆς
528 890 598 929 ἔξω,
622 891 749 921 τούτων
769 888 805 921 δὲ
824 891 902 927 τοὺς
920 887 981 931 μὲν
1001 889 1032 927 ἐξ
1052 890 1154 930 ὀπτῆς

135 945 282 975 πλίνθου
306 942 359 974 καὶ
385 943 566 984 ἀσφάλτου,
590 944 667 980 τοὺς
691 942 721 974 δ’
745 943 776 981 ἐξ
801 942 901 983 αὐτῆς
920 947 976 983 τῆς
996 944 1152 974 πλίνθου.

135 996 243 1036 <225>
267 995 319 1027 καὶ
345 998 487 1037 τειχίσας
507 996 687 1036 ἀξιολόγως
710 997 770 1036 τὴν
791 998 899 1033 πόλιν,
923 995 976 1027 καὶ
997 997 1074 1033 τοὺς
1092 1006 1153 1027 πυ-

135 1052 243 1086 λῶνας
261 1051 426 1090 κοσμήσας
447 1050 657 1090 ἱεροπρεπῶς,
682 1050 1004 1089 προσκατεσκεύασεν
1029 1049 1065 1080 ἐν
1084 1055 1153 1086 τοῖς

134 1108 305 1143 πατρικοῖς
325 1103 503 1143 βασιλείοις
523 1102 615 1143 ἔτερα
635 1104 786 1143 βασίλεια
806 1102 943 1143 ἐχόμενα
963 1102 1083 1141 αὐτῶν,
1105 1099 1152 1134 ὧν

96 1166 121 1184 20
136 1156 172 1187 τὸ
196 1153 258 1196 μὲν
277 1155 447 1196 ἀνάστημα
465 1154 516 1187 καὶ
539 1156 599 1196 τὴν
618 1156 738 1196 λοιπὴν
761 1155 978 1187 πολυτέλειαν
998 1156 1152 1196 περιττὸν

137 1211 214 1246 [στος
237 1208 279 1240 ἂν
303 1212 352 1249 εἰή
377 1208 500 1249 λέγειν,
528 1209 615 1249 πλὴν
643 1209 687 1246 ὡς
715 1210 795 1240 ὄντα
823 1209 947 1250 μεγάλα
976 1207 1027 1240 καὶ
1054 1208 1152 1248 ὑπερ-

135 1262 247 1301 ήφανα
276 1261 496 1302 συνετελέσθη
527 1261 662 1303 ἡμέραις
692 1263 933 1293 πεντεκαίδεκα.
979 1262 1087 1302 <226>
1117 1260 1152 1292 ἐν

137 1313 172 1345 δὲ
196 1320 265 1351 τοῖς
289 1316 468 1355 βασιλείοις
491 1315 620 1352 τούτοις
644 1315 859 1355 ἀναλήμματα
883 1316 998 1346 λίθινα
1022 1314 1152 1345 ἀνοικο-

136 1368 291 1408 δομήσας,
315 1366 368 1398 καὶ
394 1368 454 1408 τὴν
477 1369 556 1405 ὄψιν
580 1367 726 1404 ἀποδοὺς
746 1367 942 1408 ὁμοιοτάτην
962 1372 1032 1404 τοῖς
1051 1368 1152 1408 ὄρεσι,

96 1430 121 1449 25
136 1421 385 1461 καταφυτεύσας
414 1420 565 1461 δένδρεσι
594 1421 818 1458 παντοδαποῖς
847 1420 1070 1461 ἐξειργάσατο,
1098 1419 1151 1451 καὶ

135 1474 350 1506 κατεσκεύασε
370 1474 428 1505 τὸν
447 1474 653 1514 καλούμενον
671 1474 854 1514 κρεμαστὸν
873 1473 1075 1514 παράδεισον
1097 1473 1152 1504 διὰ

135 1528 172 1559 τὸ
192 1528 252 1568 τὴν
271 1533 412 1567 γυναῖκα
432 1527 535 1558 αὐτοῦ
555 1526 732 1567 ἐπιθυμεῖν
751 1531 809 1567 τῆς
828 1527 950 1564 οἰκείας
970 1525 1152 1563 διαθέσεως

135 1580 180 1617 ὡς
203 1579 435 1621 τεθραμμένην
460 1579 495 1610 ἐν
519 1585 588 1616 τοῖς
611 1580 692 1610 κατὰ
711 1580 850 1619 Μηδίαν
871 1578 1005 1616 τόποις.’
1042 1579 1150 1619 <227>

135 1631 189 1664 καὶ
213 1632 436 1673 Μεγασθένης
462 1631 491 1663 δ’
520 1631 556 1663 ἐν
584 1637 621 1673 τῇ
646 1632 782 1673 τετάρτῃ
810 1638 876 1663 τῶν
896 1630 1044 1663 Ἰνδικῶν
1071 1644 1150 1673 μνη-

95 1694 122 1713 30
136 1686 267 1727 μονεύει
292 1685 412 1726 αὐτῶν,
437 1685 480 1717 δι’
504 1683 541 1726 ἧς
565 1685 764 1726 ἀποφαίνειν
784 1690 933 1726 πειρᾶται
954 1689 1073 1716 τοῦτον
1092 1686 1151 1716 τὸν

135 1737 272 1780 βασιλέα
296 1743 332 1780 τῇ
353 1738 490 1781 ἀνδρείᾳ
508 1737 559 1770 καὶ
582 1743 625 1781 τῷ
645 1737 777 1780 μεγέθει
799 1744 865 1769 τῶν
884 1738 1034 1779 πράξεων
1053 1738 1152 1779 ὑπερ-
