1261 1917
174 88 237 118 122
541 89 810 113 APxAIOAOHAS

173 166 255 209 ἦσαν
284 168 313 199 δ’
344 170 378 200 οῖ
403 174 461 200 τοῦ
490 168 648 209 βασιλέως
680 169 794 205 παῖδες
825 169 859 199 οἵ
890 168 1082 209 διαδράντες
1115 168 1177 200 ἀπὸ

171 226 228 261 τῆς
252 220 431 259 ἑστιάσεως.
477 222 604 263 ὑπαντᾷ
634 220 663 252 δ’
695 221 806 258 αὐτοῖς
835 221 851 252 ὁ
880 222 984 262 πατὴρ
1014 224 1178 262 θρηνοῦσι

171 275 385 315 λυπούμενος,
404 274 457 305 καὶ
476 273 552 315 παρ’
576 274 709 311 ἐλπίδας
729 274 816 315 ὁρῶν
836 274 893 311 οὓς
912 274 1041 314 ἠκηκόει
1060 275 1178 314 μικρὸν

171 328 357 368 ἔμπροσθεν
386 327 603 364 ἀπολωλότας.
653 328 769 367 <180>
798 325 839 367 ’ἧν
869 325 904 358 δὲ
932 328 1018 368 παρὰ
1046 326 1177 357 πάντων

171 380 295 421 δάκρυα
319 379 372 411 καὶ
397 382 521 419 στόνος,
546 386 611 411 τῶν
630 378 689 420 μὲν
709 379 752 416 ὡς
773 378 821 410 ἐπ’
843 379 974 422 ἀδελφῷ
994 382 1176 419 τετελευτη-

169 434 254 472 κότι,
286 438 345 464 τοῦ
378 432 536 473 βασιλέως
569 431 598 463 δ’
630 433 673 469 ὡς
706 431 757 463 ἐπὶ
790 431 882 463 παιδὶ
913 431 1176 474 κατεσφαγμένῳ.

169 486 283 526 φεύγει
312 485 341 516 δ’
366 485 587 526 Ἀβεσάλωμος
616 486 662 522 είς
687 486 880 525 Γεθσούραν
906 486 988 525 πρὸς
1012 486 1069 515 τὸν
1093 485 1176 515 πάπ-

168 549 231 569 πον
260 540 317 569 τὸν
339 539 421 579 πρὸς
449 539 582 579 μητρός,
611 538 854 569 δυναστεύοντα
883 542 940 577 τῆς
966 537 1033 568 ἐκεῖ
1059 538 1175 578 χώρας,

168 589 221 621 καὶ
246 590 352 630 τρισὶν
377 591 465 627 ὅλοις
489 592 572 621 ἔτεσι
596 590 672 632 παρ’
700 591 786 632 αὐτῷ
810 589 992 630 καταμένει.

236 644 343 682 <181>
367 648 425 674 τοῦ
450 642 485 674 δὲ
505 644 656 674 Δαυίδου
679 645 872 683 προαίρεσιν
896 644 1026 683 ἔχοντος
1046 642 1097 674 ἐπὶ
1117 644 1175 673 τὸν

167 696 242 727 υἶὸν
259 695 484 736 Ἀβεσοέλωμον
503 695 651 736 πέμπειν,
676 696 734 727 οὐκ
755 695 806 726 ἐπὶ
825 697 964 737 τιμωρίᾳ
985 697 1175 726 κατελευσό-

166 759 277 788 μενον,
301 747 371 780 ἀλλ’
395 749 481 785 ὅπως
506 751 554 788 εἴη
579 750 640 779 σὺν
665 748 751 790 αὐτῷ
772 747 839 785 (καὶ
860 749 920 788 γὰρ
941 748 979 778 τὰ
999 752 1056 788 τῆς
1076 748 1176 788 ὀργῆς

166 801 229 832 ὑπὸ
253 806 312 832 τοῦ
335 802 458 842 χρόνου
478 800 684 842 λελωφήκει),
708 801 788 841 πρὸς
812 805 907 831 τοῦτο
928 803 1053 841 μᾶλλον
1074 800 1175 832 αὐτὸν

163 844 294 893 Ἰώαβος
322 854 338 885 ὁ
364 853 620 895 ἀρχιστράτηγος
647 854 852 894 παρώρμησε.
900 853 1007 893 <182>
1036 854 1175 893 γύναιον

166 906 227 946 γάρ
260 918 290 936 τι
323 906 382 945 τὴν
414 905 545 945 ἡλικίαν
578 906 640 946 ἤδη
673 907 876 946 προβεβηκὸς
907 905 1058 946 ἐποίησεν
1087 906 1174 948 αὐτῷ

165 961 364 999 προσελθεῖν
398 958 433 989 ἐν
466 959 603 998 σχήματι
633 960 800 999 πενθίμῳ,
836 958 852 997 ἣ
881 958 1008 988 παίδων
1037 957 1089 989 ε’πὶ
1118 963 1174 999 τῆς

165 1011 334 1052 ἀγροικίας
358 1011 437 1052 αὐτῇ
458 1010 696 1051 διενεχθέντων
715 1010 768 1041 καὶ
788 1012 870 1051 πρὸς
889 1013 1079 1050 φιλονικίαν
1099 1023 1175 1052 τρα-

165 1063 307 1103 πέντων,
336 1063 472 1100 οὐδενὸς
495 1068 553 1094 τοῦ
577 1068 781 1094 καταπαῦσαι
811 1063 998 1104 δυναμένου
1022 1075 1173 1104 παραφα-

1191 655 1215 673 10

1190 917 1214 936 15

164 1116 288 1155 νέντος,
313 1118 422 1156 ἔλεγεν
446 1116 509 1147 ὑπὸ
532 1115 677 1157 θατέρου
701 1117 758 1147 τὸν
778 1115 889 1157 ἕτερον
911 1116 1075 1156 πληγέντα
1095 1116 1174 1148 ἀπο-
1199 1147 1204 1152 ,

164 1172 293 1207 θανεῖν,
307 1170 413 1209 <183>
427 1169 518 1208 ἠξίου
533 1180 577 1208 τε,
592 1175 657 1200 τῶν
673 1175 842 1208 συγγενῶν
854 1168 904 1200 ἐπὶ
921 1170 979 1201 τὸν
989 1169 1173 1210 ἀνῃρηκότα

164 1222 363 1262 ὡρμηκότων
386 1221 437 1252 καὶ
465 1222 648 1261 ζητούντων
672 1222 772 1252 αὐτὸν
801 1221 944 1261 ἀνελεῖν,
973 1224 1172 1263 χαρίσασθαι

163 1275 222 1314 τὴν
247 1276 410 1315 σωτηρίαν
435 1274 514 1314 αὐτῇ
540 1279 598 1305 τοῦ
622 1275 738 1311 παιδὸς
762 1274 814 1305 καὶ
839 1275 881 1315 μὴ
905 1275 962 1312 τὰς
984 1274 1173 1312 ἐπιλοίπους

163 1332 220 1367 τῆς
239 1328 445 1368 γηρωκομίας
464 1327 567 1367 αὐτὴν
585 1326 717 1364 ἐλπίδας
732 1331 1054 1368 προσαφαιρεθῆναι·
1075 1332 1171 1359 τοῦτο

164 1378 193 1410 δ’
220 1380 301 1420 αὐτῇ
330 1380 522 1410 κωλύσαντα
550 1381 626 1416 τοὺς
649 1379 872 1420 βουλομένους
900 1380 1087 1411 ἀποκτεῖναι
1113 1381 1171 1412 τὸν

162 1433 238 1463 υἱὸν
267 1432 366 1472 αὐτῆς
394 1431 558 1473 παρέξειν·
592 1433 631 1463 οὐ
660 1433 720 1473 γὰρ
750 1432 882 1473 ἀφέξειν
911 1432 1056 1470 ἐκείνους
1083 1434 1170 1476 ἄλλῳ

163 1484 228 1515 τινὶ
253 1490 310 1525 τῆς
333 1485 479 1525 σπουδῆς
506 1484 521 1524 ἢ
546 1490 589 1527 τῷ
613 1484 688 1525 παρ’
711 1485 812 1515 αὐτοῦ
837 1486 939 1527 φόβῳ.
982 1485 1089 1525 <184>
1111 1490 1170 1516 τοῦ

163 1536 198 1568 δὲ
227 1538 551 1576 συγκατανεύσαντος
574 1533 623 1574 οἷς
651 1538 686 1568 τὸ
716 1538 854 1576 γύναιον
884 1537 1062 1577 ἱκέτευσεν,
1091 1538 1170 1569 ὑπο-

162 1590 272 1629 λαβὼν
291 1590 391 1620 πάλιν
410 1591 491 1630 πρὸς
515 1591 572 1620 τὸν
596 1589 731 1630 βασιλέα
758 1590 861 1630 ’χάρις
885 1589 956 1630 μέν’
981 1587 1070 1620 εἶπεν
1095 1590 1168 1630 ξἤδη

162 1650 222 1672 σου
246 1646 282 1682 τῇ
307 1643 497 1682 χρηστότητι
526 1643 806 1682 κατοικτείραντός
834 1653 898 1682 μου
926 1643 961 1673 τὸ
991 1647 1093 1683 γῆρας
1115 1642 1169 1674 καὶ

160 1694 221 1734 τὴν
244 1695 330 1735 παρὰ
355 1695 472 1735 μικρὸν
496 1694 667 1733 ἀπαιδίαν,
696 1693 766 1725 ἀλλ’
793 1695 848 1725 ἴνα
877 1694 991 1735 βέβαια
1020 1696 1058 1726 τα
1082 1696 1169 1737 παρὰ

270 1757 319 1780 180
340 1767 372 1776 =
393 1758 407 1780 2
428 1755 494 1787 Reg.
516 1755 578 1780 XIII
594 1758 635 1781 36.

234 1757 247 1786 <1st

1188 1182 1213 1200 20

1183 1706 1208 1725 30
