1261 1917
168 89 209 119 24
534 90 804 115 APXAIOAOI‘IAZ

168 172 242 211 βον,
276 170 526 211 στρατοπεδείας
559 168 595 201 δὲ
628 175 694 200 τῶν
723 169 853 211 ἐχθρῶν
886 169 921 201 ἑν
948 172 1087 212 Μαχμᾷ,
1119 169 1173 201 καὶ

167 223 266 263 ἀκοῆς
285 227 341 263 τῆς
361 221 409 254 ἐπ’
431 223 532 254 αὐτὸν
552 224 597 260 εἰς
616 223 768 262 Γάλγαλα
787 223 1002 263 καταβάσεως,
1023 223 1173 264 ἐπειχθῆ-

169 288 221 307 ναι
246 277 328 316 πρὸς
351 275 410 315 τὴν
433 277 572 315 θυσίαν,
601 276 707 315 <HM—
733 275 908 316 ὑπολαβὼν
937 276 953 307 ὁ
978 277 1174 316 Σαμούηλος

168 328 261 359 Ὑιλλὰ
281 327 370 368 σύγε’
396 330 498 368 φησίν
519 328 560 359 ‘a'
579 328 704 364 δίκαιος
723 325 811 368 ἦσθα
831 327 884 359 καὶ
903 329 945 369 μὴ
964 329 1174 369 παρήκουσας

168 381 257 423 ἐμοῦ,
281 379 356 422 μήδ’
379 378 426 412 ὧν
445 380 586 412 ὑπέθετό
606 392 660 421 μοι
680 379 753 420 περὶ
777 386 844 411 τῶν
863 382 1034 421 παρόντων
1059 381 1075 413 ὁ
1095 382 1174 418 θεὸς

168 435 393 475 ὠλιγώρησας,
417 434 591 474 ταχύτερος
615 433 634 473 ἢ
659 433 818 474 συνέφερε
843 439 911 470 τοῖς
934 434 1099 474 πράγμασι
1124 446 1174 473 γε-

168 488 287 527 γονώς,
320 489 375 518 σοι’
400 486 429 517 τ’
460 487 547 528 αὐτῷ
575 489 729 518 πλεῖστον
757 486 798 517 ἂν
830 488 1020 527 βασιλεῦσαι
1054 488 1175 527 χρόνον

167 539 329 580 ἐξεγένετο
344 538 397 570 καὶ
413 546 482 576 τοῖς
497 545 567 576 σοῖς
582 539 749 579 ε’κγόνοις.’
787 540 894 579 <105>
910 538 959 570 καὶ
979 540 1175 580 Σαμούηλος

166 591 226 633 μὲν
250 592 434 633 ἀχθόμενος
462 591 513 623 ε’πὶ
538 598 606 629 τοῖς
630 592 858 632 γεγενημένοις
886 592 1069 633 ἀνεχώρησε
1095 591 1171 632 παρ’

166 645 278 684 αὑτόν,
302 645 453 681 Σάουλος
478 644 507 675 δ’
530 646 575 681 εἰς
596 645 734 685 Γαβαὼν
753 646 860 683 πόλιν,
885 646 967 685 ἔχων
987 644 1174 682 ἑξακοσίους

167 696 241 738 μεθ’
268 698 380 735 αὑτοῦ,
405 699 504 738 μόνος
528 695 584 737 ἧκε
605 699 666 728 σὺν
683 696 822 738 Ἰωνάθῃ
845 702 888 739 τῷ
911 698 1012 728 παιδί.
1049 698 1175 728 τούτων

168 749 198 780 ῥ’
225 751 258 781 οἶ
280 752 412 787 πλείους
436 750 496 781 οὐκ
520 747 608 790 εἶχον
632 751 725 787 ὅπλα,
749 755 805 790 τῆς
828 751 935 791 χώρας
959 751 1176 789 σπανιζούσης

168 804 306 843 σιδήρου
334 802 386 834 καὶ
412 809 477 834 τῶν
506 803 589 834 ὅπλα
614 803 784 843 χαλκεύειν
813 802 1018 843 δυναμένων·
1048 802 1087 833 οὐ
1114 803 1174 843 γὰρ

168 859 244 886 εῐων
273 856 306 886 οἱ
333 855 550 887 Παλαιστινοὶ
579 854 668 886 ταῦτ’
700 853 798 895 εἶναι,
831 856 942 892 καθὼς
974 854 1027 886 καὶ
1058 855 1175 896 μικρὸν

168 910 354 949 ἔμπροσθεν
379 909 617 948 δεδηλώκαμεν.
663 909 771 948 <106>
796 909 959 945 διελόντες
983 907 1013 938 δ’
1036 909 1082 945 είς
1101 909 1173 949 τρία

167 961 247 1002 μέρη
272 961 331 1001 τὴν
355 962 511 1001 στρατιὰν
535 961 568 992 οἱ
591 960 807 992 Παλαιστινοὶ
837 960 890 992 καὶ
914 961 993 992 κατὰ
1017 961 1176 997 τοσαύτας

168 1014 266 1051 ὁδοὺς
290 1013 499 1055 ἐπερχόμενοι
524 1014 583 1054 τὴν
607 1020 672 1044 τῶν
688 1013 848 1055 Ἑβραίων
867 1014 977 1055 χώραν
998 1013 1175 1054 ἐπόρθουν,

167 1068 356 1107 βλεπόντων
384 1079 417 1097 τε
442 1067 597 1098 Σαούλου
626 1071 684 1097 τοῦ
713 1066 872 1107 βασιλέως
900 1066 1009 1097 αὐτῶν
1036 1064 1089 1097 καὶ
1118 1070 1176 1097 τοῦ

1190 651 1216 670 10

1190 913 1215 932 15

167 1120 284 1156 παιδος
301 1118 471 1159 Ἰωνάθου,
494 1119 618 1160 ἀμῦναί
635 1131 668 1150 τε
687 1124 725 1160 τῇ
746 1124 785 1160 γῇ
807 1118 895 1160 (μεθ’
918 1118 1095 1157 ἑξακοσίων
1115 1119 1175 1159 γὰρ
1197 1154 1202 1159 ,

167 1174 279 1213 μόνων
307 1170 405 1213 ἦσαν)
438 1172 478 1203 οὐ
507 1171 710 1213 (δυναμένων.
762 1172 868 1211 (lov)
900 1173 1113 1212 καθεζόμενοι
1143 1170 1172 1202 δ’

167 1225 264 1261 αὐτός
297 1236 329 1255 τε
362 1224 412 1255 καὶ
450 1225 466 1256 ὁ
494 1230 571 1261 παῖς
603 1225 706 1256 αὐτοῦ
738 1224 788 1255 καὶ
820 1224 836 1256 ὁ
865 1224 1034 1265 ἀρχιερεὺς
1060 1223 1175 1265 Ἀχίας,

167 1277 330 1317 ἀπόγονος
355 1278 401 1308 ὢν
418 1276 506 1309 Ἠλεὶ
531 1282 590 1308 τοῦ
610 1276 794 1318 ἀρχιερέως,
819 1276 867 1308 ἐπὶ
892 1279 1017 1317 βουνοῦ
1036 1277 1176 1317 ὑψηλοῦ,

167 1329 220 1361 καὶ
245 1330 304 1370 τὴν
328 1335 391 1370 γῆν
415 1329 678 1370 λεηλατουμένην
702 1330 852 1371 ὁρῶντες,
877 1329 912 1361 ἐν
936 1330 1060 1371 ἀγωνίᾳ
1085 1330 1175 1370 δεινῇ

167 1383 433 1422 καθειστήκεσαν.
472 1385 662 1414 συντίθεται
678 1382 707 1413 δ’
726 1383 742 1414 ὁ
758 1383 914 1414 Σαούλου
930 1389 1006 1419 παῖς
1020 1387 1063 1424 τῷ
1080 1382 1175 1413 ὁπλο-

166 1437 259 1478 φόρῳ
283 1436 394 1476 κρύφα
418 1435 637 1476 πορευθέντες
661 1435 752 1466 αὐτοὶ
779 1437 825 1472 εἰς
848 1436 907 1475 τὴν
926 1441 991 1466 τῶν
1010 1436 1175 1475 πολεμίων

166 1489 376 1529 παρεμβολὴν
396 1488 570 1529 ἐκδραμεῖν
584 1487 638 1519 καὶ
654 1488 797 1529 ταραχὴν
813 1488 984 1528 ἐμποιῆσαι
1003 1486 1056 1518 καὶ
1072 1489 1174 1528 θόρυ-

166 1543 235 1581 βον.
286 1542 393 1580 <108>
422 1546 479 1572 τοῦ
509 1540 538 1571 δ’
566 1541 757 1581 ὁπλοφόρου
784 1541 964 1581 προθύμως
992 1539 1175 1580 ἐφέψεσθαι

166 1595 332 1634 φήσαντος
362 1594 435 1624 ὅποι
464 1592 535 1624 ποτ’
567 1593 607 1624 ἂν
635 1593 766 1633 ἡγῆται,
799 1593 860 1624 κᾶν
893 1593 1076 1624 ἀποθανεῖν
1107 1593 1175 1634 δέῃ,

165 1647 361 1687 προσλαβὼν
385 1647 445 1686 τὴν
468 1650 527 1677 τοῦ
550 1648 725 1677 νεανίσκου
750 1647 928 1686 συνεργίαν
956 1644 1006 1676 καὶ
1033 1646 1175 1686 καταβὰς

165 1699 228 1730 ἀπὸ
253 1703 311 1730 τοῦ
336 1701 461 1739 βουνοῦ
489 1700 571 1739 πρὸς
598 1700 675 1735 τοὺς
702 1700 879 1739 πολεμιόυς
907 1698 1087 1739 ἐπορεύετο.
1136 1696 1175 1738 ἧν

238 1762 251 1790 ξ
269 1762 317 1785 104
338 1772 370 1781 =
393 1763 404 1784 1
426 1759 494 1792 Reg.
518 1758 580 1784 XIII
597 1761 636 1784 13.

1191 1176 1216 1195 20

1190 1443 1215 1462 25

1189 1705 1215 1724 30
