1261 1917
141 144 159 167 4

179 56 244 86 322
540 56 811 81 ΑΡΧΑΙΟΑΟΓΙΑΣ

244 136 329 176 <15>
355 137 445 177 ἔτυχε
470 135 499 167 δ’
521 137 585 168 ὑπὸ
607 137 665 168 τὸν
685 136 786 168 αὐτὸν
804 137 921 177 καιρὸν
939 135 993 167 καὶ
1013 135 1186 177 γεγραφὼς

178 193 223 232 τῷ
244 187 365 231 Ἐζεκίᾳ
389 189 406 221 ὁ
426 188 597 231 Ἀσσύριος
620 188 801 228 ἐπιστολάς,
827 188 863 220 ἐν
887 184 938 226 αἷς
962 188 1102 228 ἀνόητον
1126 187 1186 229 μὲν

179 242 280 273 αὐτὸν
304 243 414 282 ἔλεγεν
436 242 712 283 ὑπολαμβάνοντα
740 242 799 282 τὴν
822 240 878 273 ὑπ’
905 241 992 284 αὐτῷ
1017 240 1187 282 διαφεύξε-

180 298 259 326 σθαι
288 296 456 335 δουλείαν,
486 296 567 335 ἔθνη
596 295 700 326 πολλὰ
728 294 782 326 καὶ
806 294 928 335 μεγάλα
951 292 1186 337 κεχειρωμένῳ,

179 347 304 387 ἠπείλει
328 346 364 378 δὲ
387 349 600 390 πανωλεθρίᾳ
623 348 820 389 διαφθερεῖν
848 347 949 378 αὐτὸν
976 347 1187 388 παραλαβών,

180 401 210 431 εἰ
232 401 274 441 μὴ
294 401 352 437 τὰς
369 401 475 437 πύλας
494 400 626 437 ἀνοίξας
645 399 728 431 ἑκὼν
747 400 850 431 αὐτοῦ
870 399 993 438 δέξεται
1012 400 1073 439 τὴν
1092 407 1188 440 στρα-

179 454 253 484 τιὰν
273 454 319 490 εἰς
334 452 551 493 Ἱεροσόλυμα.
588 453 674 492 <16>
693 452 782 483 ταῦτ’
806 452 970 492 ἀναγνοὺς
988 457 1191 493 καταφρονεῖ

180 506 234 536 διὰ
263 505 323 545 τὴν
346 505 409 536 ἀπὸ
437 509 496 536 τοῦ
524 508 607 536 θεοῦ
635 506 849 545 πεποίθησιν,
877 505 933 542 τὰς
961 504 990 536 δ’
1018 504 1189 540 ἐπιστολὰς

179 558 301 595 πτύξας
325 559 371 594 είς
394 558 452 589 τὸν
476 558 557 588 ναὸν
581 559 643 589 ἔσω
665 556 831 588 κατέθετο.
872 557 972 588 πάλιν
996 555 1032 588 δὲ
1056 561 1100 599 τῷ
1119 560 1188 598 θεῷ

180 612 237 648 τὰς
261 611 357 651 εὐχὰς
381 610 483 641 αὐτοῦ
505 609 728 651 ποιησαμένου
747 608 821 650 περὶ
840 614 898 650 τῆς
916 611 1041 646 πόλεως
1059 608 1112 640 καὶ
1131 613 1189 649 τῆς

181 663 335 694 ἁπάντων
354 665 525 704 σωτηρίας,
546 662 681 700 Ἡσαΐας
704 663 721 694 ὁ
741 663 911 703 προφήτης
930 661 1070 702 ἐπήκοον
1089 661 1190 692 αὐτὸν

182 717 302 756 ἔφασκε
331 716 517 756 γεγονέναι,
549 715 603 747 καὶ
632 717 712 747 κατὰ
740 717 799 746 τὸν
827 716 973 756 παρόντα
1003 714 1119 755 καιρὸν
1147 714 1190 754 μὴ

181 770 508 810 πολιορκηθήσεσθαι
532 769 596 801 ὑπὸ
620 774 679 800 τοῦ
700 768 885 810 Ἀσσυρίου,
911 773 955 810 τῷ
979 766 1015 799 δὲ
1039 766 1190 808 με’λλοντι

181 821 314 852 πάντων
342 822 448 859 ἀδεεῖς
472 823 548 859 τοὺς
571 820 625 853 ὑπ’
653 821 740 863 αὐτῷ
766 819 963 861 γενομένους
991 820 1190 861 γεωργήσειν

182 886 215 905 τε
239 873 306 915 μετ’
334 875 465 914 εἰρήνης
491 873 545 905 καὶ
573 879 639 905 τῶν
668 874 762 904 ἰδίων
791 873 1043 914 ἐπιμελήσεσθαι
1071 871 1190 912 κτημά-

182 939 248 958 των
271 925 370 958 οὐδὲν
389 925 627 967 φοβουμένους.
669 926 755 966 <17>
775 925 889 965 ὀλίγου
909 924 945 956 δὲ
965 926 1086 966 χρόνου
1106 925 1191 955 διελ-

182 981 304 1016 θόντος
326 978 380 1010 καὶ
405 979 422 1011 ὁ
446 985 512 1010 τῶν
532 978 712 1019 Ἀσσυρίων
736 979 898 1019 βασιλεύς,
923 978 1111 1019 διαμαρτὼν
1133 981 1192 1017 τῆς

184 1031 235 1063 ἐπὶ
264 1033 340 1069 τοὺς
368 1032 572 1071 Αἰγυπτίους
601 1030 767 1071 ἐπιβολῆς,
795 1031 957 1071 ἄπρακτος
985 1030 1191 1071 ἀνεχώρησεν

183 1083 232 1116 ἐπ’
264 1087 357 1116 οἴκου
391 1083 432 1115 δι’
466 1085 575 1115 αἰτίαν
608 1084 771 1123 τοιαύτην.
821 1084 923 1119 πολὺς
956 1082 1042 1125 αὐτῷ
1075 1083 1192 1123 χρόνος

184 1139 364 1179 διετρίβετο
392 1139 474 1179 πρὸς
501 1138 561 1178 τὴν
589 1142 648 1169 τοῦ
676 1138 868 1177 Πηλουσίου
897 1137 1105 1176 πολιορκίαν,
1137 1133 1191 1170 καὶ

184 1197 249 1222 τῶν
272 1191 430 1232 χωμάτων
453 1191 515 1230 ’ἤδη
539 1191 710 1231 μετεώρων
739 1191 859 1227 ὄντων,
888 1189 907 1220 ἃ
930 1189 1012 1229 πρὸς
1038 1194 1106 1224 τοῖς
1129 1189 1191 1218 red—

184 1252 275 1284 χεσιν
293 1244 413 1284 ἤγειρε,
436 1242 489 1274 καὶ
510 1243 588 1274 ὅσον
608 1243 698 1274 οὔπω
718 1241 895 1283 μέλλοντος
917 1243 1116 1282 προσβαλεῖν
1135 1240 1191 1271 αὐ-

184 1303 262 1333 τοῖςἾ
285 1296 395 1327 ἀκούει
415 1297 472 1327 τὸν
492 1301 558 1327 τῶν
577 1297 753 1327 Αἰθιόπων
773 1293 907 1335 βασιλέα
929 1295 1096 1334 Θαρσίκην
1114 1295 1191 1324 πολ-

185 1350 246 1389 λὴν
274 1350 395 1389 ἄγοντα
424 1350 567 1389 δύναμιν
600 1347 651 1379 ἐπὶ
685 1349 871 1388 συμμαχίαν
901 1352 969 1383 τοῖς
998 1346 1192 1385 Αἰγυπτίοις

184 1403 290 1442 ἥκειν,
324 1402 523 1441 διεγνωκότα
555 1401 757 1440 ποιήσασθαι
790 1400 849 1439 τὴν
881 1400 1018 1440 πορείαν
1051 1398 1104 1428 διὰ
1135 1401 1191 1437 τῆς

186 1455 308 1496 ἐρήμου
332 1453 385 1485 καὶ
410 1453 565 1494 ἐξαίφνης
589 1455 636 1490 εἰς
659 1454 719 1493 τὴν
742 1458 808 1484 τῶν
824 1451 1006 1492 Ἀσσυρίων
1030 1449 1192 1490 ἐμβαλεῖν.

184 1508 270 1547 <18>
295 1506 470 1547 ταραχθεὶς
494 1504 554 1537 οὖν
573 1506 635 1537 ὑπὸ
655 1506 782 1537 τούτων
802 1505 818 1536 ὁ
839 1505 992 1545 βασιλεὺς
1011 1503 1192 1543 Σεναχήρι-

185 1562 243 1601 βος
262 1561 435 1600 ἄπρακτος,
460 1559 503 1596 ὡς
522 1560 616 1599 ἔφην,
640 1558 835 1599 ἀνεχώρησε,
858 1556 1045 1588 καταλιπὼν
1067 1556 1102 1586 τὸ
1123 1557 1192 1594 Πη-

184 1613 329 1644 λούσιον.

1205 618 1230 637 10

1206 881 1230 901 15

1198 1130 1232 1164 '20

1207 1406 1232 1426 25

316 1663 323 1676 ἵ
401 1665 407 1675 Ι
536 1668 548 1673 Ν
732 1664 738 1673 Ι
866 1660 873 1673 ἲ
894 1660 901 1671 f
967 1662 973 1671 Ι
1104 1660 1110 1670 7
1175 1664 1188 1670 a«

252 1676 325 1705 περι
350 1676 468 1695 τουτου
492 1676 550 1695 του
571 1664 799 1704 Σεναχηριβου
822 1673 876 1692 και
900 1661 1071 1701 Ηροδοτος
1095 1672 1130 1691 εν
1153 1672 1191 1701 τῃ
1205 1668 1232 1687 30

257 1728 271 1757 ξ
288 1728 319 1750 15
341 1738 372 1746 =
393 1727 408 1750 4
424 1724 490 1757 Reg.
505 1723 568 1749 XIX
585 1727 628 1754 103
649 1723 699 1748 les.
715 1722 841 1748 XXXVII
858 1724 898 1747 10.
