1261 1917
198 104 263 133 2413
561 105 831 130 APXAIOAOFIAE

198 183 460 225 σκευασαμένους
493 183 529 216 δὲ
561 190 648 225 τρεῖς
674 185 766 221 τινας
793 185 976 225 τολμηροὺς
1003 186 1079 221 τοὺς
1106 196 1203 215 κατα-

197 237 464 278 μαρτυρήσοντας
485 237 587 268 αὐτοῦ
607 237 651 274 ὡς
670 239 727 269 τὸν
746 239 827 268 θεόν
847 236 874 268 τ7
897 240 946 277 εἴη
966 238 1203 278 βλασφημήσας

196 289 250 320 καὶ
274 291 332 321 τὸν
355 289 505 331 βασιλεά,
534 293 728 321 καταλεῦσαι
753 289 806 321 καὶ
830 291 934 333 τούτῳ
959 291 1201 331 διαχρήσασθαι

196 347 240 385 τῷ
269 344 386 386 τρόπῳ.
434 343 541 383 <359>
566 342 618 374 καὶ
644 343 825 384 Νάβουθος
848 342 922 384 μέν,
951 343 994 380 ὡς
1018 344 1159 383 ἔγραψεν
1182 342 1201 382 ἡ

196 397 385 435 βασίλισσα,
423 396 507 427 οὕτω
543 395 847 437 καταμαρτυρηθεὶς
879 398 1112 437 βλασφημῆσαι
1145 396 1226 427 τὸνΓ

195 449 277 479 θεόν
296 460 329 479 τε
349 447 401 480 καὶ
418 448 571 489 ’Ἁχαβον,
595 450 795 490 βαλλόμενος
813 449 876 480 ὑπὸ
896 454 955 480 τοῦ
974 449 1124 489 πλήθους
1143 448 1202 479 ἀπ-

197 500 329 532 ε’θανεν’
359 501 525 532 ἀκούσασα
554 499 590 532 δὲ
619 506 720 532 ταῦτα
748 501 767 541 ἡ
793 500 950 542 Ἰεζαβέλη
980 504 1093 532 εἴσεισι
1121 502 1203 542 πρὸς

196 555 253 585 τὸν
277 553 412 594 βασιλέα
435 552 488 584 καὶ
512 557 728 595 κληρονομεῖν
747 555 805 585 τὸν
824 555 1008 595 Ναβούθου
1028 553 1203 594 ἀμπελῶνα

195 612 314 647 προῖκα
339 606 516 638 ἐκέλευσεν.
559 607 664 646 <360>
690 607 706 638 ὁ
731 606 760 638 δ’
784 606 923 648 Ἄχαβος
946 607 1034 647 ἥσθη
1058 612 1127 644 τοῖς
1151 618 1202 646 γε-

197 658 400 700 γενημένοις,
427 658 479 690 καὶ
505 659 714 700 ἀναπηδήσας
738 659 799 691 ἀπὸ
824 665 881 700 τῆς
904 662 1017 699 κλίνης
1040 659 1203 700 ὀψόμενος

195 708 252 751 ἧκε
278 713 336 742 τὸν
360 711 533 752 ἀμπελῶνα
557 713 615 743 τὸν
640 713 832 753 Ναβούθου.
879 711 1104 752 ἀγανακτήσας
1128 711 1157 742 δ’
1186 712 1202 743 ὁ

195 765 274 801 θεὸς
306 764 423 805 πέμπει
451 765 509 795 τὸν
537 765 709 805 προφήτην
734 764 850 796 Ἠλίαν
879 766 925 801 εἰς
952 766 988 796 τὸ
1018 765 1202 805 Ναβούθου

195 819 326 857 χωρίον,
343 816 466 860 Ἀχάβῳ
483 819 714 858 συμβαλοῦντα
728 816 781 848 καὶ
797 816 870 858 περὶ
886 823 952 848 τῶν
966 816 1203 863 πεπραγμένων

196 868 395 910 ἐρησόμενον
419 870 436 901 ὅ
460 882 490 901 τι
514 872 642 908 κτείνας
665 871 722 901 τὸν
746 870 854 911 ἀληθῆ
879 870 1041 910 δεσπότην
1064 874 1122 901 τοῦ
1142 882 1202 910 χω-

195 923 269 963 ρίου
295 923 571 963 κληρονομήσειεν
595 923 692 959 αὐτὸς
716 922 844 959 ἀδίκως.
890 923 997 962 <361>
1023 923 1066 959 ὡς
1090 921 1119 953 δ’
1146 920 1202 963 ἧκε
1230 934 1238 953 ε

195 976 276 1015 πρὸς
299 975 410 1015 αὐτόν,
435 976 583 1012 εἰπόντοςΊ
606 980 665 1006 τοῦ
689 975 848 1016 βασιλεως
867 976 884 1006 ὅ
904 988 933 1006 τι
954 976 1105 1016 βούλεται
1125 987 1203 1017 χρη-

196 1031 318 1058 σασθαι
348 1028 435 1070 αὐτῷ
464 1026 614 1069 (αἰσχρὸν
643 1029 704 1069 γὰρ
732 1026 815 1059 εἶναι
841 1027 892 1069 ἐφ
919 1028 1122 1069 ἁμαρτηματι
1147 1031 1202 1068 λη-

196 1083 325 1121 φθῆναι
348 1079 403 1112 ὑπ’
431 1080 558 1121 αὐτοῦ’,
582 1080 650 1112 κατ7
674 1081 800 1112 ἐκεῖνον
825 1082 886 1121 ἔφη
910 1082 968 1112 τὸν
992 1082 1093 1112 τόπον
1118 1080 1152 1112 έν
1177 1078 1201 1111 ὦ

195 1135 253 1164 τὸν
278 1134 462 1174 Ναβούθου
491 1135 609 1175 νεκρὸν
637 1134 699 1165 ὑπὸ
729 1139 839 1165 κυνῶν
868 1134 1099 1174 δαπανηθῆναι
1125 1141 1202 1164 συν-

196 1185 268 1226 ε’βη,
296 1188 333 1217 τό
362 1186 389 1217 τ’
417 1186 518 1218 αὐτοῦ
547 1189 625 1227 αἱμα
652 1186 706 1218 καὶ
735 1188 770 1217 τὸ
799 1191 856 1227 τῆς
883 1187 1038 1226 γυναικὸς
1061 1187 1202 1227 χύθήσε-
1247 1226 1249 1233 ¹

196 1242 290 1277 σθαι,
323 1238 376 1270 καὶ
409 1244 475 1270 πᾶν
508 1239 609 1270 αὐτοῦ
638 1240 673 1271 τὸ
702 1251 797 1279 γενος
825 1239 1034 1279 ἀπολεῖσθαι,
1068 1243 1202 1269 τοιαῦτα
1242 1274 1246 1283 =‚

196 1291 352 1332 ἀσεβῆσαι
376 1293 608 1333 τετολμηκότος
629 1291 681 1323 καὶ
702 1293 789 1333 παρὰ
810 1293 886 1329 τοὺς
904 1293 1061 1333 πατρίους
1080 1292 1202 1332 νόμους
1242 1287 1243 1290 ¹

195 1346 332 1385 πολίτην
365 1344 485 1382 ἀδίκως
513 1345 721 1386 ἀνῃρηκότος.
767 1345 875 1384 <362>
901 1343 1023 1387 Ἀχάβῳ
1052 1342 1088 1375 δὲ
1116 1344 1200 1384 λύπη
1242 1337 1256 1359 ,¹⁷

195 1402 261 1428 τῶν
284 1397 521 1439 πεπραγμένων
546 1399 679 1438 εἰσῆλθε
702 1396 755 1428 καὶ
780 1397 966 1438 μετάμελος,
990 1396 1043 1428 καὶ
1067 1398 1202 1428 σακκίον
1243 1409 1245 1415 ·

195 1449 416 1491 ἐνδυσάμενος
439 1456 577 1491 γυμνοῖς
600 1456 669 1487 τοῖς
692 1449 767 1481 ποσὶ
793 1451 917 1490 διῆγεν,
941 1450 1000 1490 οὐχ
1020 1449 1201 1490 ἁπτόμενος
1228 1459 1235 1478 Ξ

195 1507 334 1544 τροφῆς,
363 1503 694 1544 ἀνθομολογούμενός
722 1514 755 1534 τε
782 1503 820 1533 τὰ
844 1501 1053 1543 ἡμαρτημένα
1077 1502 1120 1539 ὡς
1143 1503 1201 1533 τὸν

194 1556 276 1586 θεὸν
300 1556 404 1593 οὕτως
428 1555 647 1596 ἐξευμενίζων.
685 1555 702 1586 ὃ
725 1554 761 1586 δὲ
782 1557 900 1593 ζῶντος
919 1553 979 1595 μὲν
999 1554 1100 1586 αὐτοῦ
1120 1555 1202 1595 πρὸς

194 1608 252 1638 τὸν
275 1609 448 1648 προφήτην
473 1606 562 1639 εἶπεν
585 1609 843 1649 ὑπερβαλεῖσθαι
863 1607 922 1647 τὴν
941 1611 1000 1638 τοῦ
1020 1606 1137 1647 γένους
1156 1619 1202 1638 τι-

194 1662 331 1702 μωρίαν,
359 1659 426 1692 ἐπεὶ
450 1666 519 1697 τοῖς
542 1659 792 1701 τετολμημένοις
814 1665 975 1701 μετανοεῖ,
999 1659 1142 1691 τελέσειν
1166 1658 1202 1691 δὲ

193 1713 254 1753 τὴν
278 1713 415 1753 ἀπειλὴν
439 1712 490 1744 ἐπὶ
514 1717 558 1755 τῷ
582 1713 642 1755 υϊςό
666 1717 725 1743 τοῦ
747 1711 892 1753 Ἀχάβου.

266 1776 279 1805 g
296 1776 345 1799 359
367 1787 398 1795 =
419 1777 434 1799 3
450 1774 516 1806 Reg.
538 1772 601 1798 XXI
617 1775 656 1799 13.
