1261 1917
532 86 681 111 EBAOMH
1049 84 1110 115 147

97 176 151 198 σιν
175 168 209 198 οἱ
227 168 435 208 Γαβαωνῖται
461 169 574 209 λαβεῖν
594 165 676 207 ὑπὲρ
696 171 762 197 τῶν
786 165 1012 207 ἀνῃρημένων,
1037 166 1111 196 ταύ-

97 232 156 260 την
185 220 297 257 αὐτοῖς
325 221 489 262 παράσχῃ,
523 220 803 259 διαλλαγήσεσθαι
836 218 890 250 καὶ
922 220 979 250 τὸν
1012 220 1112 260 ὄχλον

96 272 294 310 ἀπαλλάξειν
322 279 388 304 τῶν
420 279 529 304 κακῶν
563 272 786 313 ἐπηγγέλλετο.
833 272 949 311 (296)
978 272 1022 308 ὡς
1049 269 1111 303 οὗν

95 330 196 357 ταῦτα
219 327 307 367 παρὰ
327 332 393 357 τῶν
412 331 592 367 προφητῶν
612 327 736 366 ἔμαθεν
758 324 920 365 ἐπιζητεῖν
939 325 998 355 τὸν
1018 326 1110 364 θεόν,

67 377 332 420 ὑμεταπέμπεται
367 381 444 417 τοὺς
474 380 700 420 Γαβαωνίτας,
731 377 785 409 καὶ
814 379 903 414 τίνος
931 378 1110 418 βούλονται

94 437 206 472 τυχεῖν
230 431 388 473 ἐπηρώτα.
435 438 501 464 τῶν
525 431 557 463 δ’
585 431 619 463 ἐκ
643 436 702 463 τοῦ
727 431 845 471 γένους
869 435 928 462 τοῦ
952 431 1109 462 Σαούλου

92 487 297 525 παραλαβεῖν
321 484 399 516 ἑπτὰ
423 486 543 522 παῖδας
562 484 772 522 ἀξιωσάντων
796 485 878 525 πρὸς
896 485 1067 525 τιμωρίαν,
1092 484 1108 515 ὁ

92 538 247 578 βασιλεὺς
271 538 472 578 ἀναζητήσας
495 537 685 580 παρέδωκεν
709 538 832 578 αὐτοῖς,
859 538 1109 578 ,Μεμφιβόσθου

92 590 290 631 φεισάμενος
314 596 373 622 τοῦ
390 590 551 623 Ἰωνάθου
570 592 696 628 παιδός.
734 591 841 632 <297>
861 591 1109 632 παραλαβόντες

51 653 77 671 10
92 642 121 674 δ’
149 643 183 675 οἱ
201 645 409 685 Γαβαωνῖται
433 646 510 682 τοὺς
533 645 657 685 ἄνδρας
676 644 720 681 ὡς
741 643 918 684 ἐβούλοντο
938 642 1108 674 ἐκόλασαν.

91 696 210 737 ἤρξατο
240 696 269 728 δ’
296 697 369 728 ὕειν
392 702 589 739 παραχρῆμα
618 698 635 729 ὁ
659 698 739 734 θεὸς
767 696 821 728 καὶ
850 697 910 737 τὴν
938 700 1001 737 γῆν
1026 696 1108 735 πρὸς

92 750 194 790 γονὴν
217 757 352 792 καρπῶν
372 751 560 788 ἀνακαλεῖν,
585 750 752 787 ἀπολύσας
770 754 830 781 τοῦ
848 751 1011 791 πρότερον
1030 749 1107 789 αὐχ-

91 807 167 843 μοῦ·
192 802 246 834 καὶ
270 804 370 835 πάλιν
394 804 586 844 ηὐθήνησεν
613 803 628 843 ἡ
654 809 720 834 τῶν
740 802 903 843 Ἑβραίων
926 803 1025 843 χώρα.

159 857 265 896 <2Σ”8>
290 857 499 898 στρατεύεται
524 855 559 887 δὲ
584 855 652 896 μετ’
675 856 714 887 οὐ
733 857 840 887 πολὺν
861 856 983 896 χρόνον
1007 854 1024 886 ὁ
1049 856 1105 895 βα-

50 918 74 936 15
91 910 200 946 σιλεὺς
229 908 281 940 ἐπὶ
309 909 570 949 Παλαιστινούς,
597 908 651 939 καὶ
681 908 830 945 συνάψας
858 908 965 949 μάχην
994 907 1106 945 αὐτοῖς

90 961 143 993 καὶ
168 962 370 1003 τρεψάμενος
390 961 543 1002 ἐμονώθη
564 962 702 993 διώκων.
740 960 793 992 καὶ
814 962 991 1002 γενόμενος
1015 962 1107 992 ἔκλυ-

90 1026 144 1052 τος
177 1015 276 1055 ὤφθη
309 1016 392 1055 πρός
424 1026 514 1052 τινος
548 1020 614 1046 τῶν
642 1016 822 1055 πολεμίων,
847 1013 1017 1055 ’Ἁκμωνος
1047 1012 1108 1054 μὲν

89 1068 245 1108 τοῦνομα,
267 1066 412 1108 Ἀράφου
437 1066 473 1099 δὲ
498 1069 624 1105 παιδός.
669 1068 776 1108 <299>
797 1064 893 1104 οὗτος
912 1065 953 1107 ἧν
973 1065 1033 1108 μὲν
1052 1065 1106 1097 καὶ

89 1120 253 1160 ἀπόγονος
276 1126 343 1152 τῶν
368 1121 547 1161 γιγάντων,
577 1122 661 1162 ἔχων
690 1119 726 1152 δὲ
754 1119 807 1152 καὶ
837 1120 957 1158 ξυστὸν
983 1117 1023 1151 οὗ
1047 1120 1107 1160 τὴν

49 1184 74 1201 20
89 1173 194 1214 λαβὴν
218 1173 322 1214 φασὶν
346 1173 453 1205 ἕλκειν
477 1175 629 1215 σταθμὸν
650 1175 861 1215 τριακοσίους
885 1175 1028 1213 σίκλους,
1052 1172 1107 1204 καὶ

90 1227 225 1267 θώρακα
250 1226 456 1258 ἁλυσιδωτὸν
484 1226 537 1258 καὶ
562 1227 747 1268 ῥομφαίαν,
776 1227 927 1268 ὥρμησεν
956 1226 1106 1267 ἐπιστρα-

89 1278 162 1319 φεὶς
182 1280 225 1316 ὡς
245 1279 434 1311 ἀποκτενῶν
454 1281 512 1311 τὸν
531 1286 597 1311 τῶν
616 1282 783 1321 πολεμίων
802 1279 950 1320 βασιλέα·
970 1285 1105 1321 παρεῖτο

88 1335 149 1373 γὰρ
185 1333 247 1364 ὑπὸ
282 1337 339 1363 τοῦ
373 1334 486 1364 κόπου.
541 1332 712 1374 ἐπιφανεὶς
746 1332 774 1364 δ’
812 1332 968 1373 ἐξαίφνης
998 1331 1105 1372 Ἀβεσ-

88 1391 180 1423 σαῖος
204 1386 221 1417 ὁ
243 1385 378 1427 Ἰωάβου
402 1385 546 1426 ἀδελφὸς
574 1387 632 1417 τὸν
656 1385 791 1426 βασιλέα
818 1384 878 1426 μὲν
902 1385 1103 1426 ὑπερήσπισε

47 1447 72 1466 25
86 1439 223 1479 περιβὰς
246 1440 412 1479 κείμενον,
441 1438 609 1470 ἀπέκτεινε
639 1437 674 1469 δὲ
699 1439 757 1469 τὸν
780 1437 947 1479 πολέμιον.
995 1438 1103 1478 <300>

86 1492 201 1531 ἤνεγκε
236 1491 265 1522 δ’
298 1491 346 1523 ἐπὶ
383 1497 427 1535 τῷ
459 1491 536 1532 παρ’
568 1492 682 1532 ὀλίγον
715 1492 928 1523 κινδυνεῦσαι
960 1492 1018 1522 τὸν
1046 1493 1103 1531 βα-

86 1544 177 1576 σιλέα
204 1548 352 1586 χαλεπῶς
380 1546 416 1576 τὸ
445 1548 586 1585 πλῆθος·
615 1544 667 1576 καὶ
697 1545 731 1576 οἱ
757 1545 914 1586 ἡγεμόνες
943 1545 1102 1586 ὥρκωσαν

86 1598 187 1629 αὐτὸν
220 1598 332 1639 μηκέτι
367 1599 413 1635 εἰς
446 1598 552 1639 μάχην
586 1597 769 1639 ἀπαντῆσαι
803 1599 865 1629 σὺν
898 1598 1024 1637 αὐτοῖς,
1057 1598 1100 1638 μὴ

86 1650 130 1681 δι’
162 1651 320 1692 ἀνδρείαν
352 1650 405 1682 καὶ
439 1653 633 1692 προθυμίαν
666 1652 785 1682 παθών
818 1664 847 1682 τι
881 1657 947 1682 τῶν
981 1652 1100 1682 δεινῶν

0 1712 6 1716 “
44 1711 70 1731 ³0
85 1705 224 1745 στερήσῃ
248 1705 306 1736 τὸν
330 1705 411 1736 λαὸν
436 1710 501 1736 τῶν
526 1703 569 1735 δι’
597 1704 698 1736 αὐτὸν
722 1704 870 1745 ιῖιγαθῶν,
898 1705 957 1736 ὅσα
982 1703 1009 1735 τ’
1036 1704 1099 1744 ἤδη

156 1768 170 1797 ς
191 1768 242 1791 296
263 1779 294 1787 =
315 1769 329 1791 2
350 1765 417 1798 Reg.
439 1765 501 1790 XXI
517 1769 541 1792 2.

884 1810 934 1837 10*
