1261 1917
179 60 243 90 240
547 61 816 86 ΑΡΧΑΙΟΛΟΓΙΑΣ

179 142 253 180 πόα,
273 141 395 180 ταύτην
410 141 456 177 εἰς
471 141 598 182 τροφὴν
613 140 815 182 ἀμησάμενοι
830 147 899 179 τοῖς
912 142 1064 182 κτήνεσιν
1079 143 1186 182 ἔχωσι,

179 192 233 223 καὶ
252 192 499 234 περιπέμψαντα
518 194 598 224 κατὰ
618 198 725 225 πᾶσαν
744 193 804 233 τὴν
823 193 1020 235 οἰκουμένην
1039 196 1117 232 τοὺς
1136 196 1187 235 ζη-

180 246 338 285 τήσοντας
361 247 419 277 τὸν
442 247 615 287 προφήτην
636 245 752 278 Ἠλίαν
776 246 836 288 οὐχ
855 246 1041 288 ηὑρηκέναι.
1079 248 1187 288 (330)

180 296 383 329 συνέπεσθαι
416 299 456 338 δὴ
490 298 638 330 ἐκέλευσε
669 299 823 330 κάκεῖνον
851 299 947 342 αὐτῷ.
999 299 1098 338 δόξαν
1127 297 1188 331 οὖν

180 350 320 391 ἐξορμᾶν
348 351 474 391 αὐτοῖς,
502 351 712 392 μερισάμενοι
742 352 798 389 τὰς
822 352 920 389 ὁδοὺς
944 352 961 383 ὅ
985 364 1019 383 τε
1041 351 1187 393 Ὠβεδίας
1202 362 1213 381 5

179 402 233 434 καὶ
258 403 275 435 ὁ
297 405 451 444 βασιλεὺς
470 404 599 445 ἀπῇσαν
618 404 726 445 ἕτερος
745 403 859 446 ἑτέραν
877 411 944 436 τῶν
964 405 1060 450 ὁδιῖξν.
1094 413 1188 436 συνε-

181 456 311 496 βεβήκει
336 455 382 497 δέ,
406 456 483 488 καθ’
506 457 545 488 ὃν
565 456 722 497 Ἰεζαβέλη
744 457 763 497 ἡ
784 459 958 498 βασίλισσα
976 458 1092 499 καιρὸν
1111 458 1188 494 τοὺς

180 510 351 549 προφήτας
379 508 561 549 ἀπέκτεινε,
590 514 708 540 τοῦτον
732 509 847 541 ἑκατὸν
872 510 907 541 ἐν
930 515 998 547 τοῖς
1022 510 1189 550 ὑπογείοις

182 563 352 600 σπηλαίοις
375 563 498 603 κρύψαι
522 563 702 603 προφήτας,
725 562 779 593 καὶ
798 562 932 604 τρέφειν
951 563 1070 599 αὐτοὺς
1088 563 1188 603 ἄρτον

182 618 387 654 χορηγοῦντα
411 616 515 654 μόνον
538 613 592 645 καὶ
615 614 715 656 ὕδωρ.
753 616 860 655 (331)
885 615 1071 656 μονωθέντι
1095 614 1125 645 δ’
1148 612 1189 646 αὖ
1205 625 1229 644 10

182 666 245 697 ἀπὸ
282 671 341 698 τοῦ
377 666 537 707 βασιλέως
571 666 701 710 Ὠβεδίᾳ
734 669 937 708 συνήντησεν
971 668 987 699 ὁ
1020 668 1190 709 προφήτης

180 717 304 756 Ἠλιάς’
331 718 385 750 καὶ
408 721 598 760 πυθόμενος
621 719 697 761 παρ’
724 721 826 751 αὐτοῦ
849 722 898 757 τίς
922 723 971 760 εἴη
994 719 1048 751 καὶ
1072 720 1190 761 μαθὼν

181 772 426 811 προσεκύνησεν
450 772 560 803 αὐτόν.
598 772 614 803 ὃ
640 771 675 803 δὲ
699 774 780 814 πρὸς
804 774 862 804 τὸν
886 772 1022 814 βασιλέα
1045 773 1189 813 βαδίζειν

183 822 330 854 ἐκέλευσε
354 823 408 854 καὶ
433 823 541 864 λέγειν
565 825 614 855 ὅτι
638 827 755 866 παρείη
779 826 861 866 πρὸς
885 825 994 857 αὐτόν.
1041 826 1148 866 <332>
1172 825 1189 856 ὃ

183 875 229 915 δέ,
256 877 290 906 τί
310 877 412 907 κακὸν
435 876 490 907 ὑπ’
518 877 619 908 αὐτοῦ
642 880 833 909 πεπονθότα
856 879 938 919 πρὸς
961 880 1019 910 τὸν
1043 877 1190 909 ἀποκτεΐ-
1206 887 1229 907 15

182 940 237 959 ναι
258 930 415 968 ζητοῦντα
432 928 485 960 καὶ
500 934 608 960 πᾶσαν
624 929 844 971 ἐρευνήσαντα
859 935 921 970 γῆν
936 930 1074 971 πέμπειν
1089 930 1190 962 αὐτὸν

183 981 307 1020 ἔλεγεν,
332 980 351 1020 ’ἢ
375 980 463 1012 τοῦτ’
490 982 623 1022 ἀγνοεῖν
647 982 747 1013 αὐτὸν
772 983 821 1013 ὅτι
844 982 969 1023 μηδένα
992 984 1094 1014 τόπον
1116 995 1190 1014 κατ-

183 1033 294 1064 έλιπεν
314 1034 360 1070 εἰς
380 1034 418 1065 ὃν
438 1034 497 1065 οὐκ
517 1034 683 1066 ἀπέστειλε
704 1036 780 1072 τοὺς
795 1034 983 1075 ἀνάξοντας,
1003 1037 1033 1066 εἰ
1046 1035 1190 1076 λάβοιεν,

185 1085 235 1116 ἐπὶ
260 1087 409 1129 θανάτῳς
437 1087 554 1128 (333)
581 1086 634 1118 καὶ
659 1088 720 1128 γὰρ
745 1087 957 1128 εὐλαβεῖσθαι
985 1089 1066 1129 πρὸς
1090 1088 1191 1120 αὐτὸν

185 1140 320 1179 ἔφασκε,
344 1139 386 1179 μὴ
411 1144 470 1170 τοῦ
493 1143 576 1171 θεοῦ
601 1139 762 1180 φανέντος
786 1140 873 1181 αὐτῷ
896 1140 996 1171 πάλιν
1020 1141 1067 1177 εἰς
1090 1141 1231 1172 ἅλλον“το
1256 1140 1258 1143 ’

185 1190 312 1232 ἀπέλθῃ
340 1193 457 1231 τόπον,
486 1190 554 1223 εἶτα
583 1193 771 1233 διαμαρτὼν
797 1192 899 1223 αὐτοῦ
922 1192 1110 1233 πέμψαντος
1134 1198 1191 1225 τοῦ

184 1243 343 1284 βασιλέως
362 1245 404 1285 μὴ
425 1245 608 1286 δυνάμενος
627 1246 736 1286 εὑρεῖν
756 1246 839 1276 ὅπου
858 1244 929 1276 ποτ’
952 1248 1001 1285 εἵη
1020 1250 1089 1286 γῆς,
1113 1245 1191 1277 ἀπο-

183 1296 282 1337 θάνῃ.
327 1298 434 1337 <334>
458 1303 613 1338 προνοεῖν
637 1295 698 1328 οὖν
722 1298 823 1329 αὐτοῦ
847 1303 904 1338 τῆς
928 1300 1088 1339 σωτηρίας
1111 1309 1192 1340 παρ-

186 1349 302 1389 εκάλει,
321 1350 381 1389 τὴν
400 1349 474 1391 περὶ
493 1351 570 1387 τοὺς
585 1349 781 1391 ὁμοτέχνους
796 1350 897 1382 αὐτοῦ
913 1351 1062 1391 σπουδὴν
1077 1350 1192 1391 λέγων,

185 1402 235 1432 ὅτι
264 1403 399 1434 σώσειεν
423 1401 538 1434 ἑκατὸν
561 1404 745 1444 προφήτας,
771 1402 945 1444 Ἰεζαβέλης
968 1404 1092 1441 πάντας
1114 1405 1192 1440 τοὺς
1206 1412 1230 1432 25

186 1455 307 1492 ἄλλους
330 1455 541 1497 ἀνῃρηκυίας,
564 1455 618 1487 καὶ
643 1457 710 1497 ἔχοι
733 1456 976 1498 κεκρυμμένους
999 1456 1118 1492 αὐτοὺς
1137 1455 1191 1486 καὶ

185 1507 408 1548 τρεφομένους
431 1507 486 1539 ὑπ’
513 1509 624 1539 αὐτοῦ.
667 1509 683 1539 ὃ
709 1507 744 1539 δὲ
768 1507 870 1549 μηδὲν
895 1509 1024 1540 δεδιότα
1048 1509 1192 1549 βαδίζειν

186 1559 313 1591 ἐκέλευε
337 1561 419 1601 πρὸς
442 1561 500 1592 τὸν
519 1560 664 1601 βασιλέα,
689 1561 768 1598 δοὺς
787 1560 874 1603 αὐτῷ
893 1562 1017 1598 πίστεις
1036 1560 1192 1601 ἐνόρκους

187 1612 236 1642 ὅτι
255 1612 386 1649 πάντως
404 1612 473 1643 κατ’
493 1612 621 1653 ἐκείνην
637 1612 760 1656 Ἀχάβῳ
781 1614 960 1653 φανήσεται
981 1614 1040 1653 τὴν
1058 1613 1191 1655 ἡμέραν.

152 1672 167 1695 5
187 1665 294 1705 <335>
327 1666 533 1706 μηνύσαντος
566 1664 601 1697 δὲ
634 1670 678 1708 τῷ
711 1667 841 1706 βασιλεῖ
869 1670 926 1697 τοῦ
957 1665 1106 1707 Ὠβεδίου
1134 1667 1192 1698 τὸν
1205 1675 1241 1716 3⁰1

259 1728 273 1756 ἓ
290 1728 340 1751 330
361 1738 392 1747 =
413 1728 428 1751 3
443 1726 510 1758 Reg.
530 1726 619 1751 XVIII
635 1729 657 1751 6.
