1261 1917
567 70 663 94 meru
1081 65 1123 97 53

108 150 244 182 ἀπολύει
265 151 311 187 εἰς
327 151 385 190 τὴν
403 151 501 181 πόλιν
521 150 633 185 παῖδα,
654 149 670 181 ὃ
691 147 721 180 δ’
740 148 775 180 ἐν
796 147 911 189 ἐρημίᾳ
932 151 975 189 τῷ
991 147 1124 188 Δαυίδῃ

108 205 279 243 παρῆλθεν
312 204 358 240 εἰς
392 204 470 239 ὄψιν
499 202 586 245 αὐτῷ
614 201 667 233 καὶ
702 203 829 241 λόγους.
880 199 1063 240 ἀναφανεὶς
1091 199 1121 230 δ’

109 253 205 293 οὗτος
226 257 335 286 πίπτει
359 257 423 296 πρὸ
443 261 509 287 τῶν
526 254 686 286 Ἰωνάθου
705 254 829 291 ποδῶν,
853 252 906 283 καὶ
926 258 1124 293 προσκυνῶν

110 313 239 349 σωτῆρα
268 308 370 339 αὐτοῦ
399 313 455 349 τῆς
484 312 591 348 ψυχῆς
623 307 785 338 ἀπεκάλει.
837 306 945 345 <241>
974 304 1124 344 ἀνίστησι

82 373 94 390 5
109 359 138 392 δ’
159 360 222 392 ἀπὸ
238 365 295 401 τῆς
310 365 369 401 γῆς
384 361 495 397 αὐτόν,
514 359 568 391 καὶ
582 358 833 400 περιπλακέντες
848 358 1003 398 ἀλληλοις
1018 358 1125 399 μακρά

108 413 136 444 τ’
156 413 336 453 ἠσπάζοντο
356 412 409 444 καὶ
429 411 665 453 δεδακρυμένα,
685 413 744 451 τήν
763 410 800 442 θ’
824 411 953 451 ἡλικίαν
977 410 1125 451 ἀποθρη-

110 471 244 503 νοῦντες
268 467 378 497 αὑτῶν
401 465 452 497 καὶ
479 467 539 506 τὴν
563 464 798 506 ἐφθονημένην
818 463 965 504 ἑταιρίαν
989 462 1041 494 καὶ
1067 464 1126 494 τὸν

109 518 268 560 μέλλοντα
291 520 523 560 διαχωρισμόν,
543 518 579 556 ὃς
598 516 698 549 οὐδὲν
717 517 829 554 αὐτοῖς
851 516 955 548 ἐδόκει
975 516 1125 547 θανάτου

110 571 290 613 διαφέρειν.
322 574 416 613 μόλις
431 571 460 603 δ’
479 571 513 602 ἐκ
530 572 665 612 θρήνων
685 571 921 610 ἀνανήψαντες,
936 568 989 600 καὶ
1005 573 1126 610 μεμνῆ-

73 638 96 656 10
111 628 190 656 σθαι
207 631 272 656 τῶν
283 626 390 665 ὅρκων
401 625 554 664 ἀλλήλοις
566 623 898 665 παρακελευσάμενοι,
913 622 1126 661 διελύθησαν.

177 678 285 717 <Ξ4Ξ>
310 678 460 717 Δαυίδης
485 675 519 708 δὲ
545 677 679 717 φεύγων
699 677 756 707 τὸν
776 674 912 716 βασιλέα
936 673 990 706 καὶ
1014 675 1072 706 τὸν
1092 673 1177 712 5312

113 732 214 762 αὐτοῦ
248 731 396 762 θάνατον
430 731 476 767 εἰς
510 732 629 771 Ναβᾶν
661 731 875 770 παραγίνεται
913 729 1012 759 πόλιν
1044 727 1126 768 πρὸς

111 783 316 825 Ἀχιμέλεχον
330 785 388 815 τὸν
408 783 570 824 ἀρχιερέα,
589 783 625 820 ὃς
645 781 695 814 ἐπὶ
716 787 759 824 τῷ
779 783 882 823 μόνον
902 781 1022 821 ἥκοντα
1041 780 1126 811 ἰδεῖν

113 836 164 868 καῖ
191 838 269 878 μήτε
293 838 393 877 φίλον
417 837 479 867 σὺν
503 836 589 878 αὐτῷ
609 833 682 876 μήτ’
705 833 836 874 οἰκέτην
859 834 1005 874 παρόντα
1027 831 1126 863 ἐθαύ-

76 902 98 920 15
114 898 210 930 μασε,
238 888 291 920 καὶ
316 889 375 929 τὴν
399 889 508 920 αι’τιάν
531 892 590 919 τοῦ
613 886 726 928 μηδέν’
754 885 838 918 εἶναι
867 888 929 917 σὺν
955 885 1042 928 αὐτῷ
1067 897 1126 926 μα-

114 946 190 973 θεῖν
208 943 338 982 ἤθελεν.
375 942 483 981 <243>
499 941 516 972 ὃ
537 939 573 972 δὲ
593 940 712 981 πρᾶξιν
727 940 915 981 ἀπόρρητον
935 939 1127 979 ἐπιταγῆναι

113 996 195 1035 πρὸς
228 999 286 1026 τοῦ
319 993 478 1035 βασιλέως
512 995 648 1034 ἔφησεν,
686 994 731 1030 εἰς
769 992 809 1033 ἣν
845 992 1002 1028 συνοδίας
1040 991 1127 1033 αὐτῷ

115 1047 305 1090 βουλομένῳ
330 1050 450 1078 λαθεῖν
473 1047 533 1078 οὐκ
557 1047 636 1077 ἔδει·
666 1045 754 1083 ςτοὺς
782 1044 893 1086 μέντοι
920 1044 1129 1084 θεράποντας

116 1102 162 1138 εἰς
187 1102 282 1132 τόνδε
311 1112 364 1141 μοι
394 1101 452 1131 τὸν
480 1101 581 1131 τόπον
609 1099 758 1130 ἀπαντᾶν
785 1097 988 1139 προσε’ταξα.’
1035 1096 1129 1137 ἠξίου

76 1166 102 1184 20
116 1152 151 1185 δὲ
180 1156 294 1195 λαβεῖν
325 1152 454 1193 ἐφόδια·
489 1154 590 1192 φίλου
620 1152 681 1192 γὰρ
715 1151 816 1182 αὐτὸν
849 1151 1000 1191 ποιήσειν
1031 1151 1130 1191 ἔργον

115 1208 324 1248 παρασχόντα
342 1205 392 1237 καὶ
415 1206 497 1246 πρὸς
511 1206 547 1236 τὸ
567 1206 784 1245 προκείμενον
804 1202 1129 1244 συλλαμβανομένου.

116 1261 224 1299 (244)
244 1260 352 1300 τυχὼν
372 1257 407 1290 δὲ
428 1259 554 1290 τούτων
575 1257 642 1299 ᾔτει
666 1257 717 1288 καὶ
740 1257 842 1288 ὅπλον
862 1269 891 1287 τι
912 1257 991 1297 μετὰ
1010 1261 1130 1297 χεῖρας,

118 1313 286 1353 ῥομφαίαν
311 1312 328 1352 ἢ·
354 1312 518 1352 δοράτιον.
564 1315 673 1350 παρῆν
697 1308 732 1341 δὲ
757 1309 810 1341 καὶ
831 1309 987 1340 Σαούλου
1012 1309 1132 1345 δοῦλος

118 1365 205 1406 γένει
230 1364 291 1406 μὲν
311 1365 431 1405 Σύρος,
454 1365 592 1404 Δώηκος
616 1362 646 1394 δ’
673 1365 788 1404 ὄνομα,
811 1364 868 1399 τὰς
891 1367 950 1393 τοῦ
973 1363 1132 1402 βασιλέως

79 1429 104 1448 ²5
119 1419 276 1460 ἡμιόνους
301 1417 417 1459 νέμων.
464 1417 481 1449 ὁ
506 1416 536 1448 δ’
564 1417 733 1457 ἀρχιερεὺς
757 1417 843 1457 ἔχειν
871 1413 932 1456 μὲν
956 1415 1053 1451 αὐτὸς
1077 1414 1132 1445 οὐκ

120 1470 177 1503 §zv
197 1469 269 1503 εἶπέ
285 1484 315 1502 τι
336 1475 498 1509 τοιοῦτον,
522 1467 608 1501 εἶναι
627 1468 662 1500 δὲ
684 1470 743 1509 τὴν
764 1468 933 1500 Γολιάθου
953 1468 1133 1509 ῥομφαίαν,

122 1525 161 1565 ἣν
180 1525 373 1561 ἀποκτείνας
392 1525 450 1554 τὸν
468 1523 694 1554 Παλαιστινὸν
714 1521 811 1559 αὐτὸς
830 1521 971 1561 ἀναθείη
991 1524 1035 1563 τῷ
1055 1523 1132 1562 θεῷ.

121 1578 226 1618 <245>
264 1578 375 1618 λαβὼν
413 1575 449 1608 δὲ
486 1577 608 1616 ταύτην
646 1575 663 1607 ὁ
697 1575 847 1615 Δαυίδης
885 1574 944 1612 ἔξω
976 1578 1033 1614 τῆς
1066 1578 1132 1604 τῶν
1151 1580 1167 1603 2

119 1629 279 1671 Ἑβραίων
294 1631 401 1671 χώρας
416 1630 462 1666 εἰς
476 1630 595 1660 Γίτταν
610 1627 748 1669 διέφυγε
763 1628 823 1668 τὴν
835 1630 1080 1665 Παλαιστινῶν,
1095 1622 1133 1665 ἧς

84 1691 110 1710 ⁸0
121 1681 253 1724 Ἀγχοῦς
273 1683 472 1724 ἐβασίλευεν.
506 1680 724 1722 ἐπιγνωσθεὶς
749 1679 779 1712 δ’
796 1681 860 1712 ὑπὸ
881 1685 947 1712 τῶν
967 1684 1025 1711 τοῦ
1041 1681 1133 1720 βασι·

195 1746 209 1775 ξ
229 1746 278 1769 241
301 1757 332 1764 =
355 1747 367 1768 1
388 1743 456 1776 Reg.
476 1742 526 1768 XX
541 1745 583 1769 41.
