1261 1917
99 86 164 116 374
386 87 658 112 APXAIOAOPIAS
678 88 821 112 ΔΕΚΑΤΗ

100 171 157 206 τῆς
180 168 340 207 μακαρίας
365 166 417 198 καὶ
443 167 619 208 ἀφθάρτου
642 168 724 207 πρὸς
748 167 908 207 διαμονὴν
936 172 1002 198 τῶν
1026 167 1111 198 ὅλων

103 219 217 256 οὐσίας
240 221 465 260 κυβερνᾶσθαι
489 220 527 250 τὰ
551 220 733 260 σύμπαντα,
757 219 895 260 ἄμοιρον
920 218 949 250 δ’
975 219 1111 259 ἡνιόχου

100 270 154 302 καὶ
174 276 375 312 φροντιστοῦ
394 273 452 303 τὸν
470 273 593 313 κόσμον
613 271 802 312 αὐτομάτως
817 270 978 312 φέρεσθαι
998 271 1112 311 λέγου-

101 332 165 363 σιν,
190 324 297 364 <279>
323 324 358 361 ὃς
382 325 411 355 εἰ
433 329 552 356 τοῦτον
576 324 817 365 ἀπροστάτητος
840 322 882 364 ἧν
901 326 959 355 τὸν
978 326 1112 365 τρόπον,

100 376 250 417 καθάπερ
279 376 332 407 καὶ
360 378 417 414 τὰς
440 381 521 414 ναῦς
550 376 691 418 ἐρήμους
718 379 929 418 κυβερνητῶν
952 377 1111 408 καταδυο-

101 428 201 469 μένας
224 429 351 470 ὁρῶμεν
374 430 438 461 ὑπὸ
462 430 668 471 πνευμάτων,
692 429 711 469 ἢ
735 428 789 460 καὶ
813 430 851 460 τὰ
877 430 1002 470 ἅρματα
1022 440 1111 470 περι-

101 483 283 523 τρεπόμενα
306 483 349 523 μὴ
374 483 489 522 ἔχοντα
513 484 590 519 τοὺς
613 481 840 522 ἡνιοχοῦντας,
865 481 1051 523 συντριβεὶς
1071 482 1112 513 ἂν

101 535 165 565 ὑπὸ
189 539 246 574 τῆς
270 534 477 575 ἀπρονοήτου
501 539 607 575 φορᾶς
631 533 800 565 ἀπωλώλει
819 533 873 565 καὶ
894 535 1112 575 διεφθείρετο.

103 587 210 626 <280>
235 592 304 623 τοῖς
327 584 388 617 οὗν
412 586 662 627 προειρημένοις
690 587 753 618 ὑπὸ
777 587 949 626 Δανιήλου
977 587 1115 617 δοκοῦσί

102 650 157 679 μοι
186 639 316 680 σφόδρα
349 643 406 679 τῆς
438 639 586 679 ἀληθοῦς
619 639 716 679 δόξης
744 639 978 680 διαμαρτάνειν
1009 639 1042 670 οἱ
1068 644 1112 682 τῷ

102 695 170 733 θεῷ
194 692 357 732 μηδεμίαν
381 689 465 723 εἶναι
489 691 562 733 περὶ
592 697 658 722 τῶν
686 692 909 733 ἀνθρωπίνων
932 691 1113 732 ἀποφαινό-

103 756 195 784 μενοι
219 745 393 785 πρόνοιαν·
423 745 461 775 οὐ
490 746 551 786 γὰρ
581 744 622 775 ἂν
645 745 725 776 κατὰ
751 745 811 784 τὴν
836 743 963 775 ἐκείνου
986 755 1113 785 προφη-

103 798 204 835 τείαν,
228 798 258 827 εἰ
281 796 476 837 συνέβαινεν
495 797 724 840 αὐτοματισμῷ
749 796 813 828 τινὶ
838 798 896 828 τὸν
919 798 1043 836 κόσμον
1065 796 1113 827 δι-

104 849 207 889 άγειν,
230 848 333 880 πάνθ’
361 848 513 890 ἑωρῶμεν
537 849 768 890 ἀποβαίνοντα.

170 902 286 941 <281>
319 901 381 941 ἐγὼ
415 900 474 942 μὲν
509 899 570 932 οὖν
597 901 671 943 περὶ
700 902 825 933 τούτων
858 901 902 938 ὡς
928 899 1032 943 ηὗρον
1059 900 1112 932 καὶ

104 953 262 994 ἀνέγνων,
286 954 390 991 οὕτως
409 955 547 994 ἔγραψα·
573 955 603 985 εἰ
621 953 660 985 δέ
678 966 726 991 τις
745 955 851 991 ἄλλως
871 954 1017 992 δοξάζειν
1036 955 1113 994 βου-

104 1008 235 1046 λήσεται
258 1006 332 1047 περὶ
357 1007 476 1043 αὐτῶν,
500 1006 700 1046 ἀνέγκλητον
729 1006 824 1047 ἐχέτω
854 1007 913 1047 τήν
938 1005 1112 1047 ἑτερογνω-

104 1060 261 1100 μοσύνην.

1129 648 1153 667 10

1129 910 1152 930 15
