1261 1917
61 620 85 638 10

64 884 86 902 15

67 1678 92 1698 8⁰
106 1669 305 1712 ἀναιρήσειν.

555 49 652 74 ΕΚΤΗ
1068 47 1108 78 41

99 130 266 171 γύμναστο
300 130 361 171 γὰρ
391 128 462 160 οὐδ’
497 129 694 170 ἐμεμαθήκει
724 127 840 169 φέρειν
869 128 965 171 ὅπλα)
996 129 1113 161 εταῦτα

99 182 174 224 μέν’
200 180 300 221 εἶπεν,
324 181 361 214 (ὦ
386 185 536 224 βασιλεῦ,
567 183 623 219 σὸς
647 183 728 213 ἔστω
751 183 873 223 κόσμος
896 187 954 214 τοῦ
978 181 1031 214 καὶ
1056 184 1113 224 βα-

99 236 226 274 στάζειν
250 235 450 276 δυναμένου,
475 236 689 276 συγχώρησον
713 233 749 266 δὲ
773 235 817 272 ὡς
841 235 949 279 δούλῳ
975 244 1036 267 σου
1059 235 1113 267 καὶ

99 289 144 326 ὡς
167 288 230 329 ἐγὼ
254 289 415 330 βούλομαι
440 288 666 330 μαχεσθῆναι.’
713 290 848 328 τίθησιν
872 285 933 319 οὖν
956 289 995 319 τὰ
1020 289 1114 329 ὅπλα,

99 341 152 373 καὶ
176 342 236 382 τὴν
260 344 440 382 βακτηρίαν
464 341 636 382 ἀράμενος,
661 340 714 372 καὶ
738 341 835 373 πέντε
857 343 977 379 λίθους
1001 341 1035 372 ἐκ
1055 346 1114 372 τοῦ

99 395 278 436 χειμάρρου
302 396 413 436 βαλὼν
438 396 484 432 εἰς
506 395 567 434 τὴν
597 395 706 435 πήραν
734 395 794 434 τὴν
822 395 1032 436 ποιμενικην,
1060 393 1114 426 καὶ

100 448 289 489 σφενδόνην
314 448 349 479 ἐν
373 453 410 489 τῇ
432 448 521 490 δεξιᾷ
541 446 625 488 χειρὶ
646 446 768 488 φέρων,
794 446 842 478 ἐπὶ
865 449 924 479 τὸν
945 448 1115 488 Γολιτέθην

100 501 282 542 ἐπορεύετο.
331 502 439 541 <186>
462 506 666 541 καταφρονεῖ
688 499 718 531 δ’
740 500 845 537 οὕτως
865 501 947 531 ἰδὼν
971 500 1073 531 αὐτὸν
1098 500 1114 532 ὁ

99 554 255 595 πολέμιος
279 554 467 595 ἐρχόμενον,
491 552 544 584 καὶ
564 552 799 595 προσέσκωψεν
819 553 863 590 ὡς
882 553 940 594 οὐχ
962 549 1015 584 οἷα
1034 555 1116 594 πρὸς

99 608 282 649 ἄνθρωπον
310 608 394 639 ὅπλα
428 608 615 648 νενόμισται
648 605 738 638 ταῦτ’
771 608 854 647 ἔχων
883 606 995 647 μέλλοι
1020 607 1115 648 μαχε-

101 664 192 700 σθαι,
216 656 265 698 οἷς
290 659 325 692 δὲ
350 662 451 698 κύνας
471 660 700 701 ἀπελαύνομεν
719 658 771 691 καὶ
793 661 1037 700 φυλαττόμεθα,
1073 660 1116 701 μὴ

101 713 204 745 αὐτὸν
235 713 307 745 ἀντὶ
341 714 524 754 ἀνθρώπου
556 714 640 744 κύνα
674 711 758 744 εἶναι
792 713 896 749 δοκεῖς
929 713 946 744 ὃ
980 712 1010 744 δ’
1042 712 1116 754 οὐχὶ

102 771 268 807 τοιοῦτον,
297 767 378 798 ἀλλὰ
407 766 459 798 καὶ
491 768 588 807 χείρω
617 767 718 803 κυνὸς
746 765 848 797 αὐτὸν
872 768 1016 807 νομίζειν
1041 766 1116 798 ἀπε-

102 822 245 861 κρίνατο.
292 826 378 851 κινεῖ
396 818 430 851 δὲ
451 821 533 861 πρὸς
552 820 655 860 ὀργὴν
679 820 737 850 τὸν
758 819 938 859 Γολιάθην,
962 818 1015 850 καὶ
1036 819 1118 860 ἀρὰς

102 873 190 916 αὐτῷ
209 875 336 904 τίθεται
357 872 391 904 ἐκ
410 877 467 913 τῆς
486 874 709 913 προσηγορίας
728 876 787 903 τοῦ
806 875 901 909 θεοῦ,
922 871 976 904 καὶ
997 873 1117 904 δώσειν

103 926 256 966 ἠπείλησε
271 926 327 962 τὰς
343 925 464 965 σάρκας
479 925 581 956 αὐτοῦ
597 931 666 962 τοῖς
681 924 837 965 ἐπιγείοις
851 924 905 956 καὶ
920 931 990 963 τοῖς
1001 937 1117 967 μεταρ-

103 981 187 1016 σίοις
220 979 476 1010 διασπάσασθαι.
528 978 695 1019 ἀμείβεται
729 977 759 1009 δ’
791 977 893 1009 αὐτὸν
922 978 938 1010 ὁ
967 979 1118 1019 Δαυίδης

102 1033 209 1071 <18ῖ>
230 1032 283 1063 ’σὺ
307 1030 367 1072 μὲν
392 1030 518 1072 ἐπέρχει
539 1043 593 1072 μοι
619 1030 654 1062 ἐν
675 1031 822 1073 ῥομφαία
846 1030 899 1062 καὶ
925 1032 1039 1072 δόρατι
1064 1030 1117 1062 καὶ

102 1085 242 1125 θώρακι,
266 1084 328 1125 ἐγὼ
353 1083 388 1116 δὲ
412 1090 530 1125 χωρῶν
554 1083 603 1115 ἐπὶ
631 1083 666 1115 σὲ
690 1086 748 1115 τὸν
772 1085 854 1116 θεὸν
879 1085 1053 1125 ὥπλισμαι,
1083 1085 1118 1122 ὅς

103 1138 141 1170 σε’
162 1150 196 1169 τε
219 1137 272 1169 καὶ
298 1138 357 1178 τὴν
380 1143 489 1169 πᾶσαν
514 1138 607 1178 ὑμῶν
626 1138 783 1179 στρατιὰν
801 1137 892 1179 χερσὶ
913 1143 983 1175 ταῖς
1008 1137 1118 1179 ἡμετέ-

103 1203 176 1232 ραις
204 1191 358 1222 δίολέσει’
389 1193 604 1232 καρατομήσω
633 1189 693 1232 μὲν
721 1191 783 1232 γάρ
813 1200 848 1222 σε
878 1192 1036 1232 σήμερον,
1065 1190 1118 1222 καὶ

102 1246 139 1276 τὸ
163 1245 244 1275 ἄλλο
268 1250 359 1285 σῶμα
384 1251 452 1282 τοῖς
477 1244 659 1285 ὁμοφύλοις
687 1243 762 1275 κυσὶ
786 1246 980 1285 παραβαλῶ,
1012 1245 1119 1285 μαθή-

104 1308 217 1329 σονται
247 1295 282 1328 δὲ
311 1297 430 1334 πάντες
458 1298 507 1329 ὅτι
535 1297 736 1337 προέστηκεν
760 1296 922 1338 Ἑβραίων
949 1298 986 1328 τὸ
1011 1301 1118 1335 θεῖον,

104 1349 155 1382 καὶ
182 1351 265 1382 ὅπλα
296 1350 372 1391 ἡμῖν
401 1349 453 1381 καὶ
480 1352 572 1391 ἰσχὺς
602 1349 690 1382 τοῦτ’
718 1351 786 1381 ἔστι
809 1350 1008 1390 κηδόμενον,
1044 1350 1060 1390 ἡ
1086 1349 1115 1381 δ’

104 1404 185 1444 ἄλλη
210 1404 398 1445 παρασκευὴ
422 1403 475 1434 καὶ
501 1404 641 1444 δύναμις
665 1403 837 1443 ἀνωφελὴς
860 1406 944 1434 θεοῦ
968 1403 1010 1443 μὴ
1037 1414 1118 1444 παρ-

105 1457 225 1494 όντος.’
285 1458 393 1497 <188>
424 1457 440 1488 ὁ
474 1455 510 1488 δὲ
544 1457 768 1493 Παλαιστινὸς
800 1456 863 1487 ὑπὸ
897 1456 1021 1496 βάρους
1052 1462 1119 1487 τῶν

105 1511 215 1543 ὅπλων
244 1512 291 1548 εἰς
319 1511 467 1551 ὠκύτητα
495 1509 548 1541 καὶ
578 1511 703 1551 δρόμον
731 1509 984 1550 ἐμποδιζόμενος
1012 1510 1119 1551 βάδην

105 1563 156 1596 ἐπὶ
181 1565 239 1596 τὸν
260 1565 414 1604 Δαυίδην
437 1565 663 1604 παραγίνεται,
686 1568 906 1604 καταφρονῶν
929 1562 982 1594 καὶ
1006 1574 1119 1595 πεποι·

105 1617 175 1654 θὼς
198 1619 327 1658 γυμνὸν
351 1617 434 1658 ὁμοῦ
462 1616 516 1648 καὶ
540 1618 642 1648 παῖδα
671 1618 717 1648 ἔτι
745 1617 805 1657 τὴν
833 1616 965 1657 ἡλικίαν
988 1616 1119 1654 ἀπόνως

351 1671 459 1711 (189)
483 1670 611 1712 ἀπαντᾷ
635 1669 665 1701 δ’
692 1670 709 1702 ὁ
734 1672 905 1707 νεανίσκος
935 1671 1015 1711 μετὰ
1039 1679 1119 1711 συμ-
1139 1679 1154 1701 5

177 1734 191 1764 5
207 1734 257 1757 185
278 1745 310 1754 =
333 1735 345 1756 1
362 1731 430 1764 Reg.
450 1731 528 1757 XVII
543 1734 583 1757 39.
