1261 1917
511 51 634 76 ΟΓΔΟΗ
1015 47 1053 78 2-1
1062 47 1078 77 l

65 132 190 171 Ἠλίαν,
217 131 404 171 ὑπήντησεν
429 132 445 163 ὁ
462 130 613 172 Ἄχαβος,
637 129 691 162 καὶ
715 131 811 172 ἤρετο
837 127 904 170 μετ’
927 129 1028 170 ὀργῆς
1053 129 1084 159 εί

67 185 166 222 αὐτὸς
191 187 239 224 εἰή
265 184 281 215 ὁ
304 185 362 215 τὸν
382 183 544 225 Ἑβραίων
564 185 646 215 λαὸν
665 184 814 219 κακώσας
833 181 887 213 καὶ
907 186 964 222 τῆς
983 181 1083 221 ἀκαρ-

68 239 144 275 πίας
167 240 271 274 αἴτιος
291 242 328 278 τῇ
351 241 391 278 γῇ
412 238 596 278 γενόμενος.
630 236 647 267 ὃ
668 235 698 267 δ’
721 233 821 267 οὐδὲν
840 234 1084 271 ὑποθωπεύσας

69 291 170 322 αὐτὸν
194 288 284 322 εἶπεν
307 291 434 321 ἅπαντα
454 291 492 321 τὰ
513 290 605 321 δεινὰ
625 287 837 328 πεποιηκέναι
857 286 910 318 καὶ
932 288 967 318 τὸ
988 286 1084 326 γένος

42 343 186 383 minos),
220 342 367 381 ξενικοὺς
399 342 688 383 ἐπεισενηνοχότας
716 346 753 382 τῇ
783 341 872 382 χώρα
900 341 1002 376 θεοὺς
1029 339 1083 370 καὶ

69 397 206 434 τούτους
230 395 401 437 σέβοντας,
428 397 487 427 τὸν
511 394 541 426 δ’
570 396 657 426 ι”διον
682 395 806 431 αὐτῶν,
831 394 867 431 ὃς
890 394 992 434 μόνος
1016 391 1083 423 ἐστὶ

68 451 161 488 θεός,
186 449 453 488 ἀπολελοιπότας,
477 447 531 479 καὶ
551 449 713 489 μηδεμίαν
733 448 776 478 ἔτι
799 447 961 487 πρόνοιαν
981 445 1084 476 αὐτοῦ

69 501 297 543 ποιουμένους.
336 502 445 542 <336>
470 490 532 532 νῦν
556 500 669 542 μέντοι
694 499 724 540 γ’
747 500 933 531 ἀνελθόντα
958 498 1086 530 ἐκέλευε

70 555 175 587 πάντα
199 556 257 587 τὸν
281 556 362 586 λαὸν
387 556 434 592 εἰς
458 555 494 585 τὸ
514 555 709 595 Καρμήλιον
728 555 805 594 ὅρος
825 552 980 593 ἀθροῖσαι
1003 552 1086 592 πρὸς

32 619 56 638 ιο
71 609 186 646 αὑτόν,
219 607 273 639 καὶ
306 609 383 645 τοὺς
416 608 587 648 προφήτας
619 607 722 638 αὐτοῦ
751 605 804 637 καὶ
834 610 891 646 τῆς
920 606 1087 645 γυναικός,

71 661 172 692 εἰπὼν
197 661 268 692 ὅσοι
294 661 351 693 τὸν
375 660 522 701 ἀριθμὸν
547 662 671 700 εἰήσαν,
695 657 748 690 καὶ
773 659 850 695 τοὺς
872 663 939 688 τῶν
959 658 1088 688 ἰέλσεων

71 714 257 754 προφήτας,
286 714 330 751 ὡς
356 715 588 755 τετρακοσίους
611 713 647 744 τὸ
671 714 801 752 πλῆθος
825 712 931 748 ὄντας.
978 710 1088 750 <33ῖ>

73 767 116 803 ὡς
150 765 185 798 δὲ
219 766 427 807 συνέδραμον
455 766 575 802 πάντες
604 766 650 802 εἰς
678 766 714 796 τὸ
742 762 983 805 προειρημένον
1011 764 1089 803 ὅρος

70 818 210 860 Ἀχάβου
248 818 509 860 διαπέμψαντος,
548 816 683 854 σταθεὶς
720 817 829 847 αὐτῶν
867 816 884 848 ὁ
917 816 1089 856 προφήτης

34 883 58 902 15
72 871 185 910 Ἠλίας
209 872 339 912 μεταξύ,
363 871 457 913 μέχρι
481 872 559 902 πότε
582 869 801 911 διῃρημένους
820 869 941 906 αὐτοὺς
959 872 997 909 τῇ
1018 868 1089 899 δια-

74 927 149 967 νοίᾳ
172 924 225 956 καὶ
245 930 316 961 ταῖς
336 924 446 962 δόξαις
465 924 550 955 οὕτω
572 923 706 963 βιώσειν
726 923 856 962 ἔφασκε.
890 923 1090 962 νομίσαντας

73 976 134 1019 μὲν
158 979 219 1019 γὰρ
244 978 302 1009 τὸν
326 977 486 1018 ἐγχώριον
510 977 593 1008 θεὸν
617 976 725 1016 ἀληθῆ
750 974 803 1006 καὶ
826 977 930 1016 μόνον
949 974 1089 1006 ἕπεσθαι

74 1031 178 1074 τούτῳ
203 1029 256 1061 καὶ
281 1036 351 1067 ταῖς
371 1029 519 1067 ἐντολαῖς
539 1029 641 1060 αὐτοῦ
661 1027 811 1070 παρῄνει,
836 1026 939 1069 μηδὲν
959 1026 995 1058 δὲ
1015 1032 1091 1059 τοῦ-

75 1096 133 1116 τον
160 1082 380 1124 ἡγουμένους,
409 1082 492 1114 ἀλλὰ
518 1081 592 1123 περὶ
616 1088 683 1113 τῶν
707 1082 844 1120 ξενικῶν
867 1081 1092 1121 ὑπειληφότας

37 1147 62 1166 20
76 1137 120 1174 ὡς
144 1136 289 1173 ἐκείνους
313 1137 365 1167 δεῖ
386 1136 601 1177 θρησκεύειν,
630 1135 743 1172 αὐτοῖς
769 1135 989 1175 συνεβούλευε
1017 1144 1091 1164 κατ-

76 1192 284 1221 ακολουθεῖν.
322 1190 430 1229 (338)
450 1193 508 1220 τοῦ
529 1187 564 1220 δὲ
589 1189 740 1228 πλήθους
764 1186 868 1228 μηδὲν
892 1188 974 1228 πρὸς
997 1185 1090 1218 ταῦτ’

77 1241 353 1283 ἀποκριναμένου,
378 1242 515 1282 ἠξίωσεν
537 1241 660 1279 Ἠλίας,
684 1241 767 1281 πρὸς
787 1240 962 1281 διάπειραν
982 1245 1038 1281 τῆς
1058 1251 1093 1271 τε

77 1301 143 1326 τῶν
174 1295 310 1333 ξενικῶν
338 1298 428 1326 θεῶν
457 1295 570 1335 ἰσχύος
597 1293 648 1325 καὶ
680 1299 737 1334 τῆς
765 1297 824 1324 τοῦ
854 1294 957 1330 ἰδίου,
991 1294 1094 1334 μόνος

78 1349 125 1379 ὢν
149 1347 252 1379 αὐτοῦ
271 1349 452 1389 προφήτης,
477 1347 612 1378 ἐκείνων
632 1345 668 1378 δὲ
687 1348 919 1386 τετρακοσίους
939 1345 1094 1387 ἐχόντων,

40 1411 64 1430 25
78 1402 193 1441 λαβεῖν
217 1401 315 1438 αὐτός
338 1412 372 1432 τε
393 1402 476 1441 βοῦν
494 1399 548 1431 καὶ
569 1400 691 1439 ταύτην
711 1400 819 1436 θύσας
839 1398 1005 1430 ἐπιθεῖναι
1024 1404 1095 1436 τοῖς

80 1454 199 1492 ξύλοις,
222 1455 327 1494 πυρὸς
351 1453 410 1494 οὐχ
435 1452 663 1494 ὑφαφθέντος,
687 1452 860 1489 κάκείνους
881 1451 980 1483 ταύτὸ
1000 1452 1095 1492 ποιή-

80 1514 200 1544 σαντας
238 1506 495 1538 ἐπικαλέσασθαι
528 1507 605 1543 τοὺς
638 1506 745 1542 ι’δίους
778 1506 878 1542 θεοὺς
911 1504 1096 1536 ἀνακαῦσαι

80 1561 118 1592 τὰ
143 1560 235 1598 ξύλα·
265 1559 446 1601 γενομένου
471 1560 532 1600 γὰρ
556 1559 677 1590 τούτου
701 1559 914 1599 μαθήσεσθαι
938 1559 1011 1589 τότε
1034 1558 1096 1598 τὴν

81 1613 189 1654 ἀληθῆ
214 1613 317 1654 φύσιν
341 1618 399 1644 τοῦ
424 1616 516 1644 θεοῦ.
553 1612 662 1652 <339>
687 1611 848 1652 ἀρεσάσης
873 1609 907 1642 δὲ
932 1615 990 1651 τῆς
1011 1610 1096 1651 γνώ-

41 1675 67 1694 30
81 1678 143 1707 μης
162 1665 330 1697 ἐκέλευσεν
347 1665 460 1703 Ἠλίας
479 1667 556 1703 τοὺς
570 1665 742 1707 προφήτας
758 1663 991 1705 ἐκλεξαμένους
1011 1665 1097 1704 βοῦν

153 1729 167 1758 ξ
183 1729 233 1752 335
254 1739 286 1748 =
307 1730 321 1753 3
339 1727 405 1760 Reg.
425 1726 516 1752 XVIII
532 1729 573 1753 17.
769 1754 771 1757 ,

136 1776 260 1795 ΙοεεΡειῑ·ε.
282 1777 312 1795 11.
901 1772 932 1795 16
