1261 1917
524 30 645 54 ENATH
1028 27 1092 59 263

74 109 191 150 τέγους
209 114 267 150 τῆς
286 111 392 147 οίκίας
411 113 659 151 κατενεχθῆναι,
683 108 737 141 καὶ
757 110 944 149 νοσήσαντα
966 108 1091 150 πέμψαι

75 164 157 204 πρὸς
181 164 238 194 τὸν
259 161 424 204 ’Λκκαρων
448 164 530 195 θεὸν
554 165 672 194 ΑΜυῖαν
697 163 808 203 (τοῦτο
835 163 897 203 γὰρ
924 159 963 202 ἣν
987 163 1092 203 ὄνομα

76 221 120 258 τῷ
139 215 222 259 θεῷ)
242 216 476 247 πυνθάνεσθαι
491 215 566 257 περὶ
586 221 643 256 τῆς
663 216 833 256 σωτηρίας.
871 215 956 254 <2Ο>
975 215 1093 256 φανεὶς

75 267 106 299 δ’
130 269 147 300 ὁ
171 275 237 300 τῶν
253 268 415 310 Ἑβραίων
439 270 517 306 θεὸς
534 267 630 310 Ἠλία
653 273 697 311 τῷ
722 269 875 308 προφήτῃ
894 267 1092 309 προσέταξεν

48 331 61 351 5
77 322 165 364 αὐτῷ
189 327 258 359 τοῖς
279 325 482 363 πεμφθεῖσιν
502 320 654 362 ἀγγέλοις
672 321 905 361 ὑπαντήσαντα
924 321 1092 352 πυνθάνε-

77 378 156 406 σθαι
182 375 291 406 αὐτῶν
312 376 341 406 εἰ
359 376 441 407 θεὸν
466 375 482 406 ὁ
500 374 710 415 Ἰσραηλιτῶν
730 375 808 411 λαὸς
828 375 916 405 ἴδιον
936 374 995 405 οὐκ
1016 375 1092 414 ἔχει,

77 427 126 459 ὅτι
150 427 268 469 πέμπει
292 430 374 469 πρὸς
398 429 456 459 τὸν
475 428 650 468 ἀλλότριον
670 427 687 459 ὁ
707 428 862 468 βασιλεὺς
885 427 996 458 αὐτῶν
1017 426 1092 468 περὶ

77 485 134 520 τῆς
163 483 324 521 σωτηρίας
353 480 586 522 ἐρησομένους,
619 482 773 512 κελεῦσαί
799 479 827 511 τ’
858 480 979 517 αὐτοὺς
1013 480 1092 512 ὑπο-

75 533 212 573 στρέψαι
236 533 290 565 καὶ
310 534 435 575 φράσαι
454 539 498 577 τῷ
518 536 649 574 βασιλεῖ
669 534 718 565 ὅτι
738 534 781 574 μὴ
802 534 1012 574 διαφεύξεται
1032 533 1092 573 τὴν

34 596 59 616 ιο
76 587 186 617 νόσον.
228 588 314 627 <21>
338 591 396 618 τοῦ
421 585 451 618 ὁ’
471 585 566 618 Ἠλία
590 587 789 627 ποιήσαντος
813 586 832 617 ἃ
856 585 1055 627 προσέταξεν
1074 586 1091 618 ὁ

74 641 164 679 θεός,
188 639 388 677 ἀκούσαντες
412 640 446 671 οἱ
463 640 597 680 ἄγγελοι
621 640 659 670 τὰ
679 638 755 680 παρ’
779 639 882 670 αὐτοῦ
901 638 1089 680 παραχρῆμ’

74 692 282 733 ὑπέστρεψαν
315 694 397 734 πρὸς
428 693 486 724 τὸν
519 692 665 734 βασιλέα.
720 692 949 733 θαυμάζοντος
983 691 1019 724 δὲ
1055 693 1091 724 τὸ

73 745 170 786 τάχος
203 750 259 786 τῆς
293 745 457 777 ἐπανόδου
491 745 544 777 καὶ
578 746 639 786 τὴν
672 747 782 777 αἰτίαν
816 745 1091 786 ἐπερωτήσαντος,

75 799 204 838 ἔφασαν
227 798 416 839 ἀπαντῆσαί
437 798 499 830 τιν’
527 799 640 836 αὐτοῖς
663 799 846 839 ἄνθρωπον
870 797 924 829 καὶ
945 801 1092 829 κωλῦσαι

35 859 60 879 15
75 849 135 892 μὲν
159 851 355 892 προσωτέρω
379 856 513 893 χωρεῖν,
541 851 811 893 ἀναστρέψαντας
839 849 876 882 δὲ
905 849 957 882 σοὶ
982 849 1091 891 λέγειν

73 903 104 942 ἐξ
130 903 265 945 ἐντολῆς
288 909 347 936 τοῦ
370 910 437 936 τῶν
459 903 669 945 Ἰσραηλιτῶν
696 907 780 935 θεοῦ
809 904 859 935 ὅτι
888 904 1003 935 κάκιον
1027 903 1091 942 ἔξει

70 956 89 996 ἡ
116 958 221 994 νόσος.
268 958 364 997 <22>
389 962 448 989 τοῦ
473 956 509 988 δὲ
534 956 694 998 βασιλέως
723 958 896 998 σημαίνειν
920 957 1008 999 αὐτῷ
1032 958 1091 988 τὸν

70 1009 160 1041 ταῦτ’
193 1011 343 1051 εἰρηκότα
372 1010 602 1050 κελεύσαντος,
631 1011 812 1051 ἄνθρωπον
842 1011 956 1050 ἔλεγον
985 1010 1090 1041 δασὺν

72 1062 126 1093 καὶ
147 1063 252 1104 ζώνην
267 1062 518 1104 περιειλημένον
533 1064 742 1104 δερματίνην.
781 1061 893 1100 συνεὶς
912 1061 943 1094 δ’
961 1061 996 1093 ἐκ
1016 1063 1090 1094 τού-

32 1124 58 1144 20
72 1127 138 1147 των
154 1115 271 1148 Ἠλίαν
295 1114 379 1148 εἶναι
404 1117 462 1148 τὸν
486 1118 730 1157 σημαινόμενον
753 1116 817 1148 ὑπὸ
842 1121 909 1147 τῶν
930 1114 1090 1156 ἀγγέλων,

72 1167 202 1209 πέμψας
226 1168 275 1200 ἐπ’
303 1169 405 1201 αὐτὸν
428 1169 604 1210 ταξίαρχον
632 1168 686 1200 καὶ
714 1170 918 1209 πεντήκοντα
945 1168 1090 1209 ὁπλίτας,

74 1220 219 1262 ἀχθῆναι
247 1223 330 1262 πρὸς
358 1222 459 1253 αὑτὸν
484 1221 662 1254 ἐκέλευσεν.
710 1223 804 1262 <23>
835 1221 941 1263 εὑρὼν
971 1220 1007 1252 δὲ
1031 1223 1090 1253 τὸν

69 1272 186 1304 Ἠλίαν
220 1274 236 1305 ὁ
269 1274 435 1315 πεμφθεὶς
467 1274 639 1315 ταξίαρχος
673 1273 725 1306 ἐπὶ
758 1279 816 1315 τῆς
847 1279 997 1315 κορυφῆς
1030 1279 1090 1306 τοῦ

73 1327 173 1367 ὅρους
196 1328 428 1367 καθεζόμενον,
452 1327 638 1368 καταβάντα
662 1327 754 1367 ἥκειν
779 1326 906 1358 ἐκέλευε
925 1328 1008 1367 πρὸς
1031 1328 1090 1358 τὸν

33 1387 58 1408 85
73 1378 222 1419 βασιλέα·
251 1380 399 1411 κελεύειν
427 1380 489 1420 γὰρ
518 1379 606 1411 τοῦτ’
634 1379 773 1411 ἐκεῖνον·
803 1380 834 1411 εἰ
861 1378 897 1410 δὲ
921 1379 964 1420 μὴ
991 1381 1090 1420 θελή-

72 1440 170 1472 σειεν,
194 1433 315 1464 ἄκοντα
339 1433 525 1473 βιάσεσθαι.
572 1432 588 1464 ὃ
614 1432 644 1463 δ’
668 1433 770 1464 εἰπὼν
793 1433 875 1473 πρὸς
899 1432 1012 1473 αὐτόν,
1037 1432 1089 1464 ἐπὶ

70 1486 166 1527 πείρα
195 1489 254 1516 τοῦ
282 1486 454 1526 προφήτης
482 1485 610 1526 ἀληθὴς
634 1486 809 1526 ὑπάρχειν,
838 1485 993 1523 εὔξεσθαι
1022 1490 1088 1527 πῦρ

70 1536 124 1568 ἀπ’
151 1538 298 1579 οὐρανοῦ
326 1540 428 1569 πεσὸν
457 1538 615 1570 ἀπολέσαι
643 1539 721 1576 τούς
748 1550 782 1570 τε
810 1539 1011 1579 στρατιώτας
1034 1538 1089 1570 καὶ

69 1590 185 1631 αὐτόν,
219 1591 362 1632 εὔχεται,
396 1590 450 1622 καὶ
479 1592 627 1633 πρηστὴρ
656 1590 866 1632 κατενεχθεὶς
895 1592 1088 1633 διαφθείρει

30 1651 56 1671 ³0
69 1644 126 1674 τόν
154 1655 187 1675 τε
216 1645 392 1685 ταξίαρχον
419 1644 473 1676 καὶ
502 1646 580 1682 τοὺς
609 1646 672 1676 σὺν
700 1644 797 1687 αὐτῷ.
845 1644 939 1684 <24>
967 1649 1025 1686 τῆς
1054 1643 1083 1676 δ’

142 1707 206 1736 §20
226 1717 258 1726 =
279 1704 444 1738 4Reg.13.
