1261 1917
508 28 652 52 AEKATH
1022 26 1087 58 333

67 107 278 150 Ἱεροσόλυμα
306 109 365 139 τὸν
394 109 475 139 λαὸν
506 108 716 147 συνεκάλεσε,
746 107 839 138 κάκεῖ
865 107 926 148 τὴν
956 107 1088 148 ἀζύμων

72 160 190 203 ἑορτὴν
217 161 277 201 τὴν
305 159 358 192 καὶ
387 161 494 201 πάσχα
523 159 703 201 λεγομένην
731 160 868 200 ἤγαγεν,
900 160 1088 202 ἐδωρήσατό

71 226 105 246 τε
134 219 178 257 τῷ
207 217 274 256 λαῷ
305 215 354 253 [τὸ
383 213 503 254 πάσχα]
538 215 696 253 νεογνοὺς
729 212 866 253 ἐρίφους
898 212 952 244 καὶ
985 214 1088 254 ἄρνας

70 269 296 309 τρισμυρίους,
311 269 392 308 βοῦς
407 265 437 297 δ’
456 267 502 303 εἰς
517 266 741 298 ὁλοκαύτωσιν
755 268 966 307 τρισχιλίους.
1001 266 1088 306 <71>

0 345 3 365 3
43 329 58 348 5
72 326 230 361 παρεῖχον
255 318 290 350 δὲ
314 318 367 350 καὶ
392 325 458 350 τῶν
473 318 635 360 Ἑβραίων
654 319 688 349 οἱ
704 324 827 359 πρῶτοι
849 320 903 350 διὰ
922 320 959 350 τὸ
979 318 1087 359 πάσχα

70 379 141 410 τοῖς
174 374 318 414 ἱερεῦσιν
350 373 452 412 ἄρνας
483 373 666 413 δισχιλίους
697 371 899 411 ἑξακοσίους,
932 370 986 402 καὶ
1019 377 1088 408 τοῖς

72 427 228 463 Λευίταις
251 427 536 466 πεντακισχιλίους
559 425 662 466 ἄρνας
686 425 806 456 ἔδοσαν
831 426 864 456 οί
885 430 1088 466 προεστῶτες

71 479 192 519 αὐτῶν,
217 480 298 519 βοῦς
317 477 352 510 δὲ
372 480 617 515 πεντακοσίους.
656 478 742 517 <72>
761 476 814 509 καὶ
835 478 1013 519 γενομένης
1033 477 1088 508 οὕ-

71 544 135 569 τως
162 531 319 573 ἀφθόνου
348 537 406 572 τῆς
433 537 500 562 τῶν
529 532 658 572 ι”ερείων
683 531 853 571 εὐπορίας,
881 531 938 567 τὰς
966 532 1089 567 θυσίας

45 584 248 616 οέπετέλουν
276 590 345 621 τοῖς
374 583 538 621 Μωυσέος
566 585 695 625 νόμοις,
724 583 848 626 ἑκάστῳ
877 589 943 614 τῶν
973 583 1088 625 ἱερέων

31 679 33 682 ⁴
72 637 301 678 ἐξηγουμένων
324 635 378 668 καὶ
403 636 672 677 διακονουμένων
695 642 764 673 τοῖς
788 638 906 677 ὄχλοις.
950 635 1004 667 καὶ
1029 640 1088 667 τοῦ

71 691 234 731 μηδεμίαν
261 690 366 730 ἄλλην
394 689 498 726 οὕτως
521 689 665 730 ἀχθῆναι
694 695 763 726 τοῖς
782 687 947 730 Ἑβραίοις
971 688 1089 730 ἑορτὴν

71 743 134 774 ἀπὸ
158 749 226 774 τῶν
250 743 453 784 Σαμουήλου
482 747 541 774 τοῦ
565 743 738 783 προφήτου
762 743 892 783 χρόνων
916 745 1023 774 αἴτιον
1047 740 1089 782 ἧν

71 796 108 827 τὸ
127 795 234 828 πάντα
248 797 329 827 κατὰ
351 797 475 837 νόμους
489 795 543 826 καὶ
562 796 643 826 κατὰ
663 795 723 835 τὴν
742 795 883 836 ἀρχαίαν
901 796 1088 836 παρατήρη-

32 857 57 877 15
72 856 127 879 σιν
141 853 198 890 τῆς
213 850 352 890 πατρίου
368 850 549 888 συνηθείας
564 847 823 888 ἐπιτελεσθῆναι.
847 848 933 887 <73>
943 848 1040 888 ζήσας
1055 846 1085 878 δ’

72 901 108 932 ἐν
129 902 243 942 εἰρήνῃ
261 902 340 942 μετὰ
360 906 461 933 ταῦτα
474 900 608 941 Ἰωσίας,
628 902 675 932 ἔτι
696 899 731 932 δὲ
751 900 805 932 καὶ
825 901 956 944 πλούτῳ
975 899 1030 932 καὶ
1050 905 1087 942 τῇ

70 955 158 996 παρὰ
169 959 270 985 πᾶσιν
280 954 422 996 εὐδοξίᾳ,
434 953 631 995 κατέστρεψε
642 954 746 997 τούτῳ
759 958 803 996 τῷ
815 955 923 997 τρόπῳ
935 955 993 985 τὸν
1004 955 1087 994 βίον.

139 1008 234 1048 <74>
261 1008 379 1048 Νεχαὼ
409 1007 426 1039 ὁ
455 1013 522 1038 τῶν
551 1008 745 1047 Αἰγυπτίων
774 1008 927 1047 βασιλεὺς
956 1006 1089 1048 ἀγείρας

72 1061 229 1101 στρατιὰν
258 1059 309 1091 ἐπὶ
336 1061 394 1091 τὸν
418 1060 601 1101 Εὐφράτην
628 1060 729 1100 ἤλασε
757 1061 919 1100 ποταμόν,
948 1060 1090 1099 Μήδους

31 1121 57 1141 20
72 1114 267 1154 πολεμήσων
294 1112 348 1144 καὶ
377 1115 454 1150 τοὺς
482 1115 734 1154 Βαβυλωνίους,
764 1114 798 1144 οἳ
823 1113 883 1153 τὴν
907 1111 1090 1153 Ἀσσυρίων

71 1165 255 1198 κατέλυσαν
283 1166 401 1207 ἀρχήν·
435 1171 492 1207 τῆς
522 1167 584 1207 γὰρ
611 1165 720 1203 Ἀσίας
753 1168 946 1207 βασιλεῦσαι
979 1167 1090 1196 πόθον

71 1217 167 1260 εἶχεν.
214 1220 300 1259 <75>
325 1218 506 1261 γενομένου
530 1219 559 1250 δ’
587 1219 691 1250 αὐτοῦ
720 1220 802 1250 κατὰ
826 1218 968 1258 Μένδην
991 1219 1090 1250 πόλιν

73 1270 129 1314 (ἧν
154 1271 183 1303 δ’
206 1272 286 1312 αὕτη
307 1277 363 1313 τῆς
380 1271 507 1304 Ἰωσίου
527 1271 710 1314 βασιλείας)
734 1273 813 1313 μετὰ
833 1272 1005 1312 δυνάμεως
1025 1269 1089 1313 εἶρ-

73 1337 130 1365 γεν
154 1325 256 1356 αὐτὸν
280 1326 335 1356 διὰ
358 1330 415 1365 τῆς
436 1326 522 1362 ι’δίας
540 1328 709 1356 ποιεῖσθαι
731 1326 839 1365 χώρας
860 1324 921 1364 τὴν
940 1322 993 1355 ε’πὶ
1013 1325 1091 1361 τοὺς

0 1375 14 1410 ’,
32 1386 58 1406 25
72 1378 214 1418 Μήδους
239 1379 360 1409 ἔλασιν.
402 1377 532 1418 πέμψας
556 1376 592 1408 δὲ
612 1379 737 1419 κήρυκα
762 1379 845 1418 πρὸς
866 1377 969 1408 αὐτὸν
988 1377 1005 1408 ὁ
1026 1379 1091 1408 Νε-

71 1432 139 1472 χαὼ
169 1431 228 1462 οὐκ
257 1430 306 1462 ἐπ’
338 1430 439 1462 αὐτὸν
468 1431 658 1472 στρατεύειν
687 1432 813 1471 ἔλεγεν,
847 1429 918 1461 ἀλλ’
950 1429 1002 1461 ἐπὶ
1031 1431 1090 1462 τὸν

0 1395 9 1544 murs—„u-
0 1212 15 1371 ‚ww-*oq

71 1484 254 1525 Εὐφράτην
274 1483 474 1525 ὡρμηκέναι·
499 1484 542 1524 μὴ
562 1483 761 1525 παροξύνειν
786 1482 816 1514 δ’
839 1483 941 1514 αὐτὸν
963 1482 1090 1515 ἐκέλευ-

72 1545 144 1577 σεν,
173 1537 254 1568 ὥστε
283 1539 440 1578 πολεμεῖν
468 1537 555 1579 αὐτῷ
584 1537 745 1568 κωλύοντι
775 1537 920 1577 βαδίζειν
949 1535 1002 1577 ἐφ’
1032 1536 1090 1574 οὓς

73 1590 273 1630 διεγνώκειν.
316 1591 401 1630 <76>
423 1589 548 1626 Ἰωσίας
567 1588 597 1620 δ’
620 1589 660 1620 οὐ
679 1591 833 1630 προσιέτο
857 1589 896 1620 τὰ
917 1590 1005 1631 παρὰ
1030 1594 1089 1621 τοῦ

32 1651 59 1670 80
74 1644 266 1683 Νεχαῶνος,
294 1641 365 1674 ἀλλ’
397 1643 502 1680 οὕτως
529 1640 616 1683 εἶχεν
644 1643 688 1680 ὡς
716 1642 759 1683 μὴ
789 1648 972 1683 συγχωρεῖν
1002 1642 1090 1685 αὐτῷ

145 1706 159 1734 ξ
176 1705 206 1728 71
229 1716 262 1724 =
281 1706 296 1728 2
312 1703 402 1729 Paral.
418 1703 519 1729 XXXV
535 1706 558 1729 8.

1108 1010 1128 1040 01
