1261 1917
160 61 225 92 248
529 63 799 88 ΑΡΧΑΙΟΛΟΓΙΑΣ

160 141 319 181 ἀγασθεὶς
343 141 394 173 ε’πὶ
418 147 456 183 τῇ
477 141 613 184 δευτέρᾳ
632 143 787 185 πρεσβείᾳ
805 147 865 174 τοῦ
883 149 950 174 τῶν
968 144 1091 185 Σύρων
1110 145 1168 184 βα-

160 193 285 234 σιλέως,
310 195 506 234 συναγαγὼν
531 195 577 232 είς
601 193 773 234 ἐκκλησίαν
792 196 828 226 τὸ
847 198 975 236 πλῆθος
995 198 1105 236 ἔλεγεν
1124 197 1168 233 ὡς

160 246 258 284 αὐτὸς
290 245 350 287 μὲν
383 246 518 287 ἑτοίμως
552 244 637 288 εἶχεν
669 245 751 288 ὑπὲρ
785 250 946 289 σωτηρίας
975 249 1085 280 αὐτῶν
1113 247 1167 279 καὶ

160 300 291 339 εἰρήνης
319 298 372 330 καὶ
399 305 557 340 γυναῖκας
580 300 637 336 τὰς
661 300 747 336 ἰδίας
769 300 931 341 προέσθαι
955 306 1000 343 τῷ
1024 303 1167 343 πολεμίῳ

158 350 212 381 καὶ
236 352 275 382 τα
298 351 405 392 τέκνα,
428 350 482 383 καὶ
505 352 610 392 πάσης
633 357 866 393 παραχωρῆσαι
886 354 1040 393 κτήσεως·
1065 357 1166 384 ταῦτα
1181 362 1194 381 5

159 404 220 444 γὰρ
250 403 407 444 ἐπιζητῶν
435 404 672 445 ἐπρεσβεύσατο
702 410 834 445 πρῶτον
862 405 879 436 ὁ
904 406 1027 446 Σύρος·
1059 406 1167 445 <369>

160 456 234 487 ‘vim
261 456 291 487 δ’
318 456 433 496 ἠξίωκε
458 457 599 494 δούλους
622 455 745 497 πέμψαι
769 457 826 494 τάς
849 469 881 488 τε
906 458 1039 489 πάντων
1062 459 1168 495 οἰκίας

159 508 333 549 ἐρευνῆσαι
348 508 402 540 καὶ
417 508 520 550 μηδὲν
536 509 571 540 ἑν
584 509 698 546 αὐταῖς
708 512 899 540 καταλιπεῖν
909 516 975 541 τῶν
984 511 1168 541 καλλίστων

157 561 340 601 κτημάτων,
359 562 527 602 πρόφασιν
547 563 748 602 βουλόμενος
766 561 911 602 πολέμου
928 564 1052 603 λαβεῖν,
1072 563 1167 600 εἰδὼς

159 614 207 644 ὅτι
220 619 286 644 τῶν
300 612 360 654 μὲν
375 612 516 653 ἐμαυτοῦ
532 612 575 644 δι’
588 614 672 654 ὑμᾶς
687 614 746 645 οὐκ
761 614 802 645 ἂν
815 616 1003 655 φεισαίμην,
1014 615 1166 656 ἀφορμὴν

159 665 188 696 δ’
212 665 246 697 ἐκ
269 670 328 697 τοῦ
348 665 421 706 περὶ
446 671 511 696 τῶν
534 665 700 707 ὑμετέρων
719 666 842 706 ἀηδοῦς
860 669 1168 709 πραγματευόμενος

158 720 205 755 είς
233 719 269 750 τὸ
298 721 462 759 πολεμεῖν.
508 720 633 758 ποιήσω
662 730 697 758 γε
727 719 791 759 μὴν
819 719 857 750 τὰ
881 719 960 760 ὑμῖν
984 720 1167 751 δοκοῦντα.’

157 772 265 812 <370>
276 772 312 803 τὸ
329 769 363 802 δὲ
379 774 508 812 πλῆθος
523 772 565 812 μὴ
582 772 653 802 δεῖν
668 771 801 802 ἀκούειν
816 777 882 803 τῶν
897 771 966 803 κατ’
985 772 1085 804 αὐτὸν
1101 773 1167 804 ἕλε-

158 836 230 863 γεν,
259 824 340 855 ἄλλα
366 829 587 864 καταφρονεῖν
611 822 664 855 καὶ
688 824 770 865 πρὸς
792 825 829 855 τὸ
853 827 1007 865 πολεμεῖν
1031 823 1168 865 ἑτοίμως

158 878 253 917 ἔχειν.
282 882 335 907 τοΐ
337 889 351 913 ς
367 874 427 907 οὖν
442 879 656 917 πρεσβευταῖς
673 876 934 917 ἀποκρινάμενος
948 876 1056 917 λέγειν
1071 877 1166 908 ἀπελ-

157 932 280 960 θοῦσιν
296 929 343 960 ὅτι
359 934 428 966 τοῖς
442 929 478 960 τὸ
494 934 624 969 πρῶτον
639 928 831 966 ἀξιωθεῖσιν
846 928 902 960 ὑπ’
918 929 1019 960 αὐτοῦ
1034 929 1088 960 καὶ
1103 935 1166 961 νῦν

158 981 287 1022 ἐμμένει
307 987 364 1022 τῆς
383 987 449 1012 τῶν
468 984 612 1012 πολιτῶν
632 981 811 1021 ἀσφαλείας
831 981 935 1021 ἕνεκα,
954 983 1036 1023 πρὸς
1056 980 1092 1013 δὲ
1106 983 1167 1022 τὴν

158 1034 317 1075 δευτέραν
341 1034 476 1071 ἀξίωσιν
501 1033 559 1074 οὐχ
583 1034 752 1073 ὑπακούει,
777 1033 938 1065 ἀπέλυσεν
962 1034 1090 1071 αὐτούς.

1183 624 1209 643 10

1183 887 1208 905 15

224 1087 331 1127 <371>
355 1087 372 1118 ὁ
398 1085 427 1117 δ’
445 1086 587 1123 ’Ἁδαδος
611 1086 753 1123 ἀκούσας
771 1091 871 1117 ταῦτα
891 1085 944 1117 καὶ
965 1087 1167 1128 δυσχεράνας
1198 1120 1204 1124 ,

157 1141 269 1180 τρίτον
298 1141 418 1180 ἔπεμψε
447 1140 529 1180 πρὸς
552 1138 696 1180 ’Ἀχαβον
724 1140 800 1176 τοὺς
828 1138 992 1180 πρέσβεις,
1024 1139 1167 1171 ἀπειλῶν

156 1192 362 1233 ὑψηλότερον
386 1198 451 1223 τῶν
475 1197 602 1232 τειχῶν,
626 1187 675 1228 οἷς
693 1198 903 1232 καταφρονεῖ,
927 1198 1019 1233 χῶμα
1038 1193 1167 1229 τούτοις

157 1244 338 1285 ἐπεγείρειν
362 1245 464 1276 αὐτοῦ
489 1245 548 1284 τὴν
569 1245 724 1285 στρατιὰν
743 1245 822 1275 κατὰ
843 1245 946 1285 δράκα
966 1250 1025 1285 γῆς
1044 1245 1167 1286 λαμβά-

156 1306 293 1337 νουσαν,
318 1297 504 1338 ἐμφανίζων
528 1297 615 1339 αὐτῷ
639 1302 696 1338 τῆς
721 1297 892 1338 δυνάμεως
910 1299 946 1329 τὸ
966 1300 1094 1338 πλῆθος
1112 1297 1166 1329 καὶ

156 1352 468 1391 καταπληττόμενος.
503 1351 610 1390 <372>
631 1354 690 1381 τοῦ
710 1349 739 1380 δ’
760 1349 898 1391 Ἀχάβου
918 1350 961 1391 μὴ
980 1353 1166 1391 καυχᾶσθαι

157 1404 228 1434 δεῖν
266 1401 530 1443 ἀποκριναμένου
567 1401 856 1442 καθωπλισμένον,
894 1402 975 1434 ἀλλὰ
1010 1407 1048 1444 τῇ
1082 1403 1190 1444 μάχῃ.

155 1457 290 1496 κρείττω
308 1457 497 1496 γενόμενον,
518 1455 672 1492 ἐλθόντες
688 1455 721 1486 οἵ
733 1453 885 1496 πρέσβεις
899 1454 952 1486 καὶ
968 1456 1165 1487 δειπνοῦντα

157 1509 397 1548 καταλαβόντες
420 1509 477 1539 τὸν
501 1507 635 1549 βασιλέα
660 1508 738 1548 μετὰ
762 1507 936 1548 τριάκοντα
955 1506 1008 1539 καὶ
1028 1509 1088 1539 δύο
1108 1510 1165 1548 βα-

156 1560 276 1591 σιλέων
301 1561 480 1601 συμμάχων
500 1560 669 1600 ἐδήλωσαν
689 1560 776 1602 αὐτῷ
796 1560 855 1599 τὴν
875 1560 1056 1601 ἀπόκρισιν.
1095 1560 1111 1591 ὃ
1132 1559 1162 1591 δ’

156 1612 282 1649 εὐθέως
305 1617 401 1643 τοῦτο
425 1612 616 1654 προσέταξε,
641 1611 693 1643 καὶ
719 1617 961 1653 περιχαρακοῦν
984 1613 1043 1652 τὴν
1066 1614 1165 1644 πόλιν

1182 1149 1208 1167 20

154 1664 209 1696 καὶ
238 1666 368 1705 χώματα
398 1666 578 1706 βάλλεσθαι
607 1664 660 1696 καὶ
689 1664 813 1705 μηδένα
842 1666 964 1705 τρόπον
991 1665 1163 1697 ἀπολιπεῖν
1178 1674 1203 1693 30

227 1728 241 1757 g
257 1728 308 1751 368
328 1738 359 1747 =
381 1728 395 1751 3
411 1725 478 1758 Reg.
498 1725 548 1750 XX
565 1727 586 1751 7.

1247 1483 1259 1541 1,

1250 1644 1252 1729 ὲ

1251 1754 1254 1868 ἱ

1251 1881 1261 1917 1
