1261 1917
184 44 249 74 332
554 46 824 71 ΑΡΧΑΙΟΛΟΓΙΑΣ

184 127 435 165 καλλιεροῦντες
457 125 519 165 ἤδη
539 126 598 157 τὸν
616 126 698 157 θεὸν
718 124 863 157 ἱκέτευον
884 125 1002 166 εὐμενῆ
1022 123 1075 156 καὶ
1095 125 1193 156 ἰ’λεων

185 177 297 214 αὐτοῖς
324 177 491 219 ὑπάρχειν.
538 179 633 218 <65>
661 178 719 209 τὸν
748 177 777 209 δ’
806 177 955 220 ἀρχιερέα
984 176 1192 219 προσέταξεν,

185 232 218 260 εἴ
237 241 267 260 τι
287 231 438 271 περιττὸν
457 230 520 261 ὑπὸ
541 236 607 261 τῶν
625 232 799 272 προγόνων
818 235 933 268 σκεῦος
956 236 1025 267 τοῖς
1044 231 1192 267 εἰδώλοις

184 281 238 313 καὶ
267 282 405 320 ξενικοῖς
432 286 525 320 θεοῖς
552 282 758 314 κατασταθὲν
785 281 827 324 ἦν
855 283 891 315 ἐν
913 288 957 326 τῷ
984 288 1066 325 ναῷ,
1095 287 1192 314 τοῦτο

185 334 345 376 ἐκβαλεῖν.
367 334 683 377 συναθροισθέντων
694 334 728 367 δὲ
740 336 1099 377 πολλῶν,καταπρη’σας
1110 335 1191 366 αὐτὰ
1206 346 1219 366 5
1248 339 1260 344 ”

184 388 244 427 τὴν
269 389 394 419 σποδὸν
417 388 526 419 αὐτῶν
550 387 727 429 διέσπειρε,
755 387 808 419 καὶ
836 390 914 425 τοὺς
938 389 1036 429 ίερεῖς
1058 394 1125 419 τῶν
1149 389 1192 419 εἰ-
1259 379 1261 385 1

185 440 312 479 δώλων,
336 441 395 471 οὐκ
420 442 517 477 ὄντας
541 440 575 471 ἐκ
599 445 658 471 τοῦ
679 439 841 481 Ἀαρῶνος
865 440 991 480 γένους,
1016 440 1192 472 ἀπέκτεινε.

251 493 336 532 <66>
359 497 460 523 ταῦτα
485 491 514 523 δ’
538 492 573 523 ἐν
592 498 661 529 τοῖς
676 492 913 533 Ἱεροσολύμοις
933 493 1192 535 διαπραξάμενος

184 543 262 585 ἧκεν
287 546 333 582 εἰς
356 545 416 585 τὴν
439 546 560 586 χώραν,
583 545 637 576 καὶ
662 547 699 577 τὰ
720 545 1027 577 κατασκευασθέντα
1052 545 1087 577 ἐν
1111 546 1192 587 αὐτῇ

184 598 247 629 ὑπὸ
268 596 477 638 Ἱεροβοάμου
501 602 559 629 τοῦ
583 597 742 638 βασιλέως
770 599 816 635 εἰς
843 598 941 639 τιμὴν
964 604 1029 629 τῶν
1057 598 1193 636 ξενικῶν
1209 610 1218 628 1

184 653 275 681 θεῶν
298 650 455 691 ἠφάνισε,
482 649 536 681 καὶ
564 651 603 681 τὰ
632 650 710 681 ὀστᾶ
739 656 805 682 τῶν
832 651 1116 691 ψευδοπροφητῶν
1140 650 1192 682 ἐπὶ

184 707 243 734 τοῦ
267 704 395 744 βωμοῦ,
423 703 462 733 ὃν
485 704 699 734 κατεσκεύασε
724 709 853 743 πρῶτος
872 702 1091 744 Ἱεροβόαμος,
1119 715 1193 734 κατ-

185 755 309 786 έκαυσε.
357 756 449 796 <67>
480 760 582 786 ταῦτα
613 754 649 787 δὲ
679 757 852 796 προφήτην
880 757 1082 787 κατελθόντα
1111 757 1193 797 πρὸς

180 807 403 849 Ἱεροβόαμον,
427 808 644 846 θυσιάζοντος
667 809 769 839 αὐτοῦ
793 807 846 839 καὶ
870 809 992 845 παντὸς
1015 808 1193 846 ἀκούοντος

183 865 243 891 τοῦ
268 863 364 900 λαοῦ,
388 864 661 902 προκαταγγεῖλαι
686 862 902 901 γενησόμενα,
931 861 979 892 ὅτι
1003 873 1052 898 τις
1075 860 1109 892 ἐκ
1133 865 1191 892 τοῦ
1208 871 1232 891 15

184 913 337 944 Δαυίδου
362 912 478 952 γένους
500 912 624 949 Ἰωσίας
652 913 795 953 τοῦνομα
819 914 946 952 ποιήσει
975 914 1013 944 τὰ
1041 924 1192 954 προειρη-

184 964 265 1005 μένα
282 989 288 995 .
304 989 310 995 .
326 989 333 996 .
371 964 492 1006 συνέβη
517 963 552 996 δὲ
572 970 673 996 ταῦτα
697 967 811 1005 λαβεῖν
830 964 921 1002 τέλος
941 964 1008 1005 μετ’
1031 967 1084 1005 ἔτη
1104 978 1192 1007 τρια-

184 1019 278 1048 κόσια
302 1017 356 1048 καὶ
381 1016 583 1058 ἑξηκονταέν.

251 1071 335 1110 <68>
359 1071 437 1111 μετὰ
462 1069 497 1101 δὲ
520 1074 621 1101 ταῦτα
650 1070 666 1101 ὁ
691 1071 844 1110 βασιλεὺς
865 1069 988 1107 Ἰωσίας
1016 1070 1210 1111 πορευθεὶς,

183 1121 237 1154 καὶ
257 1124 339 1164 πρὸς
358 1124 434 1160 τοὺς
453 1124 573 1160 ἄλλους
592 1129 658 1154 τῶν
675 1122 893 1163 Ἰσραηλιτῶν,
913 1122 983 1153 ὅσοι
1003 1123 1062 1162 τὴν
1079 1124 1191 1164 αἰχμα-
1207 1133 1233 1152 20

184 1177 308 1206 λωσιάν
327 1174 379 1206 καὶ
400 1176 460 1215 τὴν
479 1176 634 1206 δουλείαν
648 1176 708 1215 τὴν
722 1176 786 1206 ὑπὸ
805 1181 870 1206 τῶν
882 1174 1063 1216 Ἀσσυρίων
1078 1175 1192 1217 διέφυ-

184 1239 259 1267 γον,
287 1228 421 1268 ἀφεῖναι
449 1226 509 1268 μὲν
537 1229 594 1264 τὰς
617 1228 745 1268 ἀσεβεῖς
773 1228 905 1268 πράξεις
932 1227 985 1259 καὶ
1014 1229 1070 1265 τὰς
1099 1229 1193 1270 τιμὰς

183 1281 241 1318 τὰς
264 1282 346 1321 πρὸς
369 1282 446 1317 τοὺς
469 1281 663 1322 ἀλλοτρίους
691 1282 792 1317 θεοὺς
821 1280 1047 1320 ἐγκαταλιπεῖν
1076 1282 1191 1321 ἔπεισε,

183 1335 241 1364 τὸν
266 1332 301 1364 δὲ
325 1335 464 1375 πάτριον
487 1333 540 1364 καὶ
560 1333 714 1374 μέγιστον
733 1334 815 1364 θεὸν
839 1333 987 1373 εὐσεβεῖν
1010 1332 1060 1364 καὶ
1087 1334 1191 1376 τούτῳ

182 1385 412 1427 προσανέχειν·
436 1386 522 1426 <69>
546 1387 602 1422 τὰς
626 1387 730 1422 οἰκίας
754 1397 787 1416 τε
811 1384 864 1416 καὶ
888 1386 945 1422 τὰς
968 1386 1076 1426 κώμας
1097 1386 1190 1427 ἡρεύ-
1206 1395 1232 1413 25

183 1447 262 1479 νησε
282 1438 335 1470 καὶ
356 1440 412 1475 τὰς
431 1440 552 1477 πόλεις,
576 1439 618 1479 μή
638 1451 687 1475 τις
707 1438 805 1469 ε”νδον
825 1439 891 1478 ἔχοι
911 1450 940 1468 τι
960 1443 1026 1468 τῶν
1046 1439 1191 1469 εἰδώλων

183 1492 346 1522 ὑπονοῶν.
398 1491 437 1522 οὐ
468 1491 532 1532 μὴν
561 1491 642 1522 ἀλλὰ
673 1489 726 1521 καὶ
758 1491 796 1521 τὰ
827 1496 895 1527 τοῖς
925 1490 1191 1531 βασιλευομένοις

184 1543 350 1584 ἐφεστῶτα
374 1544 510 1584 ἅρματα,
535 1543 554 1574 ἃ
578 1544 818 1574 κατεσκεύασαν
843 1543 876 1573 οἱ
893 1544 1061 1582 πρόγονοι,
1084 1542 1137 1574 καὶ
1163 1547 1195 1574 εἴ

182 1608 213 1627 τι
237 1597 316 1627 ἄλλο
339 1601 490 1627 τοιοῦτον
509 1594 551 1635 ’ἦν
571 1593 595 1638 ᾧ
614 1595 841 1636 προσεκύνουν
861 1594 904 1631 ὡς
923 1597 1001 1637 θεῷ,
1026 1594 1190 1636 ἐβάστασε.

183 1649 283 1688 <ΤΟ>
317 1647 370 1679 καὶ
403 1650 587 1688 καθαρίσας
620 1647 704 1678 οὕτω
737 1647 796 1686 τὴν
827 1647 936 1687 χώραν
969 1647 1112 1688 ἅπασαν,
1145 1649 1191 1685 εἰς
1205 1657 1231 1676 30

255 1711 312 1740 ξῦὸ
326 1721 357 1730 =
371 1711 384 1734 4
396 1708 462 1741 Reg.
473 1707 562 1734 XXIII
574 1711 612 1733 15.
686 1710 699 1739 ξ
712 1710 744 1733 70
756 1720 787 1728 =
799 1710 813 1732 2
826 1707 915 1733 Paral.
927 1707 1028 1734 XXXV
1038 1711 1060 1734 1.
