1261 1917
173 84 236 115 228
540 83 810 108 APXAIOAOPIAZ

173 166 354 205 συμβαλεῖν
378 165 499 205 ἔμελλε,
523 164 600 200 στας
620 162 671 204 ἐφ’
693 163 822 204 ὑψηλοῦ
841 163 931 199 τινὸς
954 163 1056 193 τόπου
1073 161 1181 202 Ἀβίας

172 216 225 248 καὶ
250 221 287 258 τῇ
311 216 394 258 χειρὶ
413 218 606 253 κατασείσας
624 216 660 247 τὸ
680 219 808 256 πλῆθος
828 214 882 246 καὶ
901 216 958 246 τὸν
973 214 1181 255 Ἱεροβόαμον

174 270 311 301 ἀκοῦσαι
339 275 470 310 πρῶτον
499 270 600 301 αὐτοῦ
629 267 703 310 μεθ’
734 268 871 309 ἡσυχίας
898 268 1023 308 ἠξίωσε.
1096 267 1181 307 276>

174 321 352 363 γενομένης
372 320 407 353 δὲ
427 327 550 363 σιωπῆς
569 322 687 363 ’ἤρξατο
707 320 824 361 λέγειν.
871 321 931 352 “ὅτι
952 319 1012 360 μὲν
1030 320 1091 359 τὴν
1110 318 1182 359 ’ἡγε-

174 376 293 415 μονιάν
322 375 338 406 ὁ
362 376 442 412 θεὸς
464 376 596 416 Δαυίδῃ
624 374 678 406 καὶ
706 380 774 411 τοῖς
803 374 951 414 ἐκγόνοις
979 373 1081 404 αὐτοῦ
1108 383 1182 402 κατ-

175 427 308 459 ένευσεν
333 428 379 464 εἰς
403 429 529 459 ἅπαντα
553 429 674 469 χρόνον
698 426 769 458 οὐδ’
795 428 888 468 ὑμεῖς
911 426 1071 466 ἀγνοεῖτε·
1098 428 1182 455 θαυ-

174 480 261 520 μάζω
295 479 331 511 δὲ
359 486 427 517 πῶς
457 480 656 517 ἀποστάντες
688 480 812 520 τούμοῦ
844 480 966 521 πατρὸς
997 483 1042 521 τῷ
1075 477 1182 519 δούλῳ

170 531 365 575 Ἱεροβοάμῳ
390 532 613 573 προσέθεσθε,
637 532 690 564 καὶ
715 531 782 573 μετ’
809 532 936 563 ἐκείνου
958 531 1097 572 πάρεστε
1121 533 1184 560 νῦν

175 583 226 615 ἐπὶ
251 586 327 621 τοὺς
350 585 414 616 ὑπὸ
438 590 497 616 τοῦ
525 589 608 616 θεοῦ
637 586 823 626 βασιλεύειν
850 583 1062 625 κεκριμένους
1089 584 1184 613 πολε-

175 637 334 677 μήσοντες
357 637 410 668 καὶ
435 638 494 678 τὴν
518 638 622 679 ἀρχὴν
645 637 905 679 ἀφαιρησόμενοι
933 637 993 676 τὴν
1019 635 1184 675 ὑπάρχου-

176 698 246 720 σαν.
288 690 348 730 τὴν
367 689 427 731 μὲν
447 692 508 731 γὰρ
528 693 628 722 πλείω
649 689 741 731 μέχρι
761 695 824 721 νῦν
839 689 1044 730 Ἱεροβόαμος
1065 687 1185 723 ἀδίκως

176 743 254 782 ἔχει’
283 743 391 782 <277>
415 742 486 774 ἀλλ’
513 743 572 774 οὐκ
601 740 690 783 οἶμαι
714 743 833 782 ταύτης
861 742 962 773 αὐτὸν
986 740 1185 772 ἀπολαύσειν

177 793 229 825 ἐπὶ
253 796 389 826 πλείονα
408 797 540 836 χρόνον,
564 795 646 827 ἀλλὰ
667 796 746 832 δοὺς
764 794 817 826 καὶ
838 799 897 826 τοῦ
918 793 1187 835 παρεληλυθότος

177 847 273 886 δίκην
287 852 331 889 τῷ
350 850 418 889 θεῷ
433 848 591 879 παύσεται
607 853 664 888 τῆς
678 849 884 889 παρανομίας
897 846 951 878 καὶ
966 852 1033 877 τῶν
1046 845 1185 886 ὕβρεων,

176 898 215 936 ἃς
238 899 278 930 οὐ
302 899 510 931 διαλέλοιπεν
535 902 581 937 εἰς
605 901 706 931 αὐτὸν
725 901 867 940 ὑβρίζων
886 898 939 931 καὶ
959 899 1059 930 ταύτὰ
1078 902 1186 928 ποιεῖν

176 951 260 991 ὑμᾶς
284 951 521 992 ἀναπεπεικώς,
549 954 584 983 οἳ
605 951 707 993 μηδὲν
735 951 948 991 ἀδικηθέντες
976 952 1038 982 ὑπὸ
1063 950 1186 990 τούμοῦ

176 1005 308 1045 πατρός,
335 1004 405 1035 ἀλλ’
433 1005 481 1036 ὅτι
507 1006 549 1046 μὴ
573 1006 655 1046 πρὸς
677 1005 803 1045 ἡδονὴν
827 1004 1043 1044 ἐκκλησιάζων
1067 1003 1186 1043 ὡμίλη-

178 1065 248 1096 σεν,
277 1056 465 1098 ἀνθρώπων
493 1063 648 1099 πονηρῶν
676 1059 861 1099 συμβουλία
883 1058 1047 1097 πεισθείς,
1076 1055 1186 1095 ε’γκατ-

178 1110 301 1140 ελίπετε
322 1108 382 1150 μὲν
402 1115 446 1153 τῷ
467 1111 577 1142 δοκεῖν
600 1109 654 1141 ὑπ’
678 1111 777 1151 ὀργῆς
801 1110 938 1149 ἐκεῖνον,
962 1114 1033 1146 ταῖς
1056 1107 1086 1139 δ’
1111 1108 1199 1152 ἄλη-η
1237 1140 1239 1151 y

177 1163 287 1199 θείαις
314 1162 435 1199 αὑτοὺς
463 1163 525 1194 ἀπὸ
554 1167 612 1194 τοῦ
640 1166 723 1193 θεοῦ
750 1162 803 1193 καὶ
832 1168 898 1193 τῶν
923 1161 1050 1193 ἐκείνου
1074 1162 1186 1202 νόμων

178 1214 391 1245 ἀπεσπάσατε.
438 1215 546 1254 <2ῖ8>
569 1217 673 1246 καίτοι
699 1214 940 1254 συνεγνωκέναι
967 1217 1074 1251 καλῶς
1102 1211 1188 1254 εἶχεν

178 1267 262 1307 ὑμᾶς
286 1267 326 1298 οὐ
350 1269 458 1307 λόγων
481 1269 585 1308 μόνον
609 1269 779 1299 δυσκόλων
803 1266 899 1308 ἀνδρὶ
923 1266 986 1310 νέῳ
1009 1265 1063 1297 καὶ
1086 1267 1187 1307 δημα-

178 1321 300 1359 γωγίας
324 1320 458 1364 ἀπείρῳ,
481 1320 552 1352 ἀλλ’
576 1322 605 1352 εί
627 1320 681 1352 καὶ
705 1322 786 1361 πρός
809 1333 839 1351 τι
862 1318 1017 1361 δυσχερὲς
1035 1319 1055 1359 ἡ
1074 1321 1188 1359 νεότης

179 1372 281 1403 αὐτὸν
308 1372 361 1404 καὶ
390 1373 409 1413 ἡ
438 1374 564 1414 ἀμαθία
592 1379 659 1405 τῶν
682 1373 914 1414 πραττομένων
943 1372 1056 1413 ἐξῆγεν
1080 1373 1188 1413 ἔργον,

179 1425 234 1455 διά
258 1437 294 1465 γε
319 1428 502 1467 Σολομῶνα
530 1428 588 1458 τὸν
611 1426 733 1467 πατέρα
761 1425 814 1457 καὶ
841 1427 897 1462 τὰς
922 1426 1108 1466 εὐεργεσίας
1130 1425 1187 1461 τὰς

180 1477 320 1509 ἐκείνου·
353 1480 551 1519 παραίτησιν
578 1480 639 1519 γὰρ
669 1476 753 1509 εἶναι
787 1479 839 1509 δεῖ
864 1483 921 1518 τῆς
948 1483 1015 1508 τῶν
1043 1476 1188 1516 ἐκγόνων

180 1530 338 1571 ἁμαρτίας
362 1532 418 1568 τὰς
441 1537 508 1562 τῶν
530 1530 679 1572 πατέρων
703 1531 858 1567 εὐποιίας.
904 1530 1010 1570 <279>
1035 1529 1129 1569 ὑμεῖς
1153 1527 1183 1559 δ’

181 1581 280 1613 οὐδὲν
308 1584 433 1614 τούτων
467 1583 662 1623 ἐλογίσασθε
695 1584 770 1614 οὔτε
800 1584 871 1614 τότε
900 1583 975 1613 οὔτε
1004 1586 1081 1621 νῦν,
1114 1580 1185 1612 ἀλλ’

181 1635 272 1674 ’ἥκετε
292 1637 428 1676 στρατὸς
447 1634 498 1676 ἐφ’
521 1636 604 1676 ἡμᾶς
627 1640 792 1674 τοσοῦτος,
811 1636 876 1665 τίνι
895 1633 948 1665 καὶ
968 1634 1189 1670 πεπιστευκὼς
1234 1626 1236 1665 1¹

181 1686 254 1728 περὶ
279 1692 336 1727 τῆς
358 1689 464 1728 νίκης;
492 1687 509 1727 ἢ
534 1693 604 1724 ταῖς
626 1693 762 1729 χρυσαῖς
786 1687 943 1728 δαμάλεσι
966 1685 1020 1717 καὶ
1044 1691 1113 1723 τοῖς
1137 1685 1188 1717 ἐπὶ

254 1751 268 1780 ἓ
283 1751 333 1773 276
355 1761 392 1780 Ξ,
407 1751 421 1773 ‘2
436 1747 526 1774 Paral.
542 1747 605 1773 XIII
621 1750 644 1774 4.

1202 909 1226 928 15

1201 1172 1243 1190 20¹

1202 1433 1227 1452 25

1203 1695 1229 1714 30
