1261 1917
45 637 70 655 10

45 901 69 920 15

0 1150 69 1181 '20

42 1426 69 1446 25

542 60 640 84 EKTH
1059 59 1101 90 75

86 154 118 173 τι
148 141 325 181 προσήκειν
355 144 399 182 τῷ
427 145 493 170 τῶν
524 139 712 181 ἀνθρώπων
743 139 829 180 γένει
859 141 992 176 τούτου,
1021 138 1097 181 μηδ’

88 193 140 235 ἐφ’
171 194 233 236 ὅτῳ
262 194 320 224 τὸν
348 194 431 224 θεὸν
460 193 579 234 εὐμενῆ
611 193 664 224 καὶ
693 194 837 234 χορηγὸν
866 199 932 225 τῶν
961 193 1100 233 ἀγαθῶν

88 246 240 289 (μᾶλλον)
265 246 388 287 ἕξομεν.

152 298 205 331 καὶ
234 300 271 331 τὰ
300 297 360 340 μὲν
383 298 457 339 περὶ
487 304 543 340 τῆς
568 301 725 339 γυναικὸς
749 299 784 331 ἐν
808 301 978 337 τοσούτοις
1006 300 1101 341 ἀρκεῖ

87 354 308 394 δεδηλῶσθαι·
357 353 465 393 (343)
499 354 557 384 τὸν
590 351 627 384 δὲ
659 354 773 384 πόλεσι
808 352 860 384 καὶ
895 354 1012 394 δήμοις
1044 352 1095 384 καὶ

86 408 198 438 ἔθνεσι
213 405 424 447 συμφέροντα
440 407 541 446 λόγον
555 405 609 437 καὶ
628 407 836 447 προσήκοντα
857 411 927 443 τοῖς
946 406 1098 446 ἀγαθοῖς,

84 458 144 500 ὑφ’
179 457 219 491 οὗ
255 460 525 500 προαχθήσονται
566 459 686 496 πάντες
725 459 845 501 ἀρετὴν
878 460 1011 490 διώκειν
1044 458 1097 490 καὶ

85 514 204 553 ζηλοῦν
227 513 265 544 τὰ
290 513 390 551 δόξαν
410 511 463 544 καὶ
487 513 619 553 μνήμην
639 513 776 544 αἰώνιον
796 518 977 553 παρασχεῖν
997 513 1097 552 δυνη-

84 567 216 607 σόμενα,
239 567 432 607 ποιήσομαι,
462 567 589 606 πολλὴν
612 565 665 597 καὶ
690 567 883 606 βασιλεῦσιν
907 565 1019 597 ἐθνῶν
1042 565 1096 597 καὶ

84 620 221 660 ἄρχουσι
254 620 382 650 πόλεων
411 619 592 660 ἐπιθυμίαν
619 618 673 650 καὶ
707 619 857 659 σπουδὴν
888 625 954 650 τῶν
987 622 1097 650 καλῶν

84 672 281 712 ἐνθήσοντα,
308 671 362 703 καὶ
386 674 469 713 πρός
492 684 525 703 τε
550 674 627 709 τοὺς
651 672 831 709 κινδύνους
853 670 907 702 καὶ
932 673 990 703 τὸν
1014 670 1096 712 ὑπὲρ

84 731 151 757 τῶν
178 726 348 766 πατρίδων
379 726 529 756 θάνατον
561 726 844 766 προτρεψόμενον,
877 724 931 756 καὶ
964 725 1098 756 πάντων

84 784 305 819 καταφρονεῖν
338 778 513 816 διδάξοντα
546 784 612 810 τῶν
646 779 775 809 δεινῶν.
828 779 935 818 <344>
968 779 1029 819 ἔχω
1064 777 1094 809 δ’

84 833 194 863 αἰτίαν
223 836 281 862 τοῦ
306 833 406 871 λόγου
437 831 556 862 τούτου
581 831 737 862 Σάουλον
760 832 819 862 τὸν
842 836 909 862 τῶν
933 830 1096 872 Ἑβραίων

85 883 228 926 βασιλέα.
270 881 366 921 οὗτος
386 884 458 924 γάρ,
477 885 593 925 καίπερ
617 884 712 921 εἰδὼς
730 884 769 915 τὰ
789 886 1022 925 συμβησόμενα
1042 884 1093 916 καὶ

84 939 142 969 τὸν
166 937 370 978 ἐπικείμενον
393 937 543 968 θάνατον
566 941 625 968 τοῦ
655 938 829 977 προφήτου
852 939 1096 978 προειρηκότος,

83 991 144 1022 οὐκ
168 992 251 1030 ἔγνω
277 996 398 1031 φυγεῖν
420 991 531 1027 αὐτόν,
556 989 633 1021 οὐδὲ
658 991 888 1031 φιλοψυχήσας
912 992 1095 1031 προδοῦναι

83 1043 143 1086 μὲν
167 1045 244 1081 τοὺς
267 1045 409 1080 οἰκείους
428 1049 497 1080 τοῖς
515 1045 685 1084 πολεμίοις
704 1045 906 1084 καθυβρίσαι
929 1042 964 1075 δὲ
985 1046 1020 1076 τὸ
1040 1050 1097 1086 τῆς

83 1099 250 1139 βασιλείας
265 1097 400 1138 ἀξίωμα,
426 1098 532 1137 (345)
548 1096 630 1128 ἀλλὰ
651 1098 822 1138 παραδοὺς
841 1098 943 1129 αὑτὸν
962 1097 1094 1129 πανοικὶ

83 1152 162 1192 μετά
186 1156 251 1182 τῶν
275 1149 399 1181 τέκνων
422 1155 491 1186 τοῖς
514 1150 685 1187 κινδύνοις
712 1151 814 1181 καλὸν
842 1150 987 1190 ἡγήσατο
1012 1149 1093 1182 εἶναι

84 1209 196 1235 πεσεῖν
223 1204 302 1244 μετὰ
330 1203 456 1233 τούτων
484 1201 566 1244 ὑπὲρ
598 1208 664 1234 τῶν
697 1203 965 1244 βασιλευομένων
987 1206 1096 1246 ,μαχό-

84 1268 197 1297 μενος,
230 1255 283 1287 καὶ
313 1257 390 1292 τοὺς
422 1256 542 1293 παῖδας
569 1256 755 1287 ἀποθανεῖν
788 1259 914 1297 μᾶλλον
947 1257 1097 1297 ἀγαθοὺς

84 1311 182 1347 ὄντας
208 1308 225 1349 ἢ
249 1311 440 1340 καταλιπεῖν
465 1307 514 1339 ἐπ’
537 1309 646 1351 ἀδήλῳ
671 1314 714 1351 τῷ
738 1309 879 1341 ποταποὶ
901 1311 1096 1350 γενήσονται

83 1364 142 1394 τὸν
166 1363 300 1403 τρόπον·
330 1362 487 1402 διάδοχον
512 1363 574 1403 γὰρ
602 1361 656 1393 καὶ
681 1362 777 1402 γένος
799 1363 858 1394 τὸν
883 1364 1020 1394 ἔπαινον
1042 1363 1096 1394 καὶ

84 1416 144 1456 τὴν
172 1415 282 1456 ἀγήρω
311 1416 443 1456 μνήμην
473 1415 566 1453 ἕξειν.
617 1415 726 1455 <346>
756 1412 853 1453 οὗτος
881 1413 942 1447 οὖν
971 1417 1098 1454 δίκαιος

84 1468 137 1500 καὶ
162 1469 314 1510 ἀνδρεῖος
338 1468 390 1500 καὶ
421 1469 566 1509 σώφρων
590 1469 698 1509 ἔμοιγε
728 1469 820 1500 δοκεῖ
846 1470 961 1510 μόνος,
990 1469 1043 1501 καὶ
1069 1473 1102 1501 εἴ

84 1534 133 1559 τις
161 1521 275 1562 γέγονε
305 1526 453 1559 τοιοῦτος
481 1521 500 1561 ἢ
530 1522 714 1562 γενήσεται,
742 1522 803 1561 τὴν
831 1524 1016 1563 μαρτυρίαν
1045 1523 1094 1554 ἐπ’

87 1574 181 1616 ἀρετῇ
206 1578 416 1616 καρποῦσθαι
440 1575 528 1615 παρὰ
547 1574 681 1606 πάντων
700 1574 798 1612 ἄξιος.
844 1577 921 1612 τοὺς
940 1577 1002 1616 γὰρ
1027 1576 1095 1617 μετ’

88 1627 228 1660 ἐλπίδων
252 1626 304 1659 ἐπὶ
328 1629 472 1669 πόλεμον
497 1627 692 1665 ἐξελθόντας
721 1628 764 1665 ὡς
792 1627 846 1659 καὶ
874 1630 1098 1670 κρατήσοντας

46 1690 74 1709 ³0
88 1680 139 1712 καὶ
164 1687 228 1718 σῶς
251 1680 528 1721 ὑποστρέψοντας,
553 1680 686 1712 ἐπειδάν
705 1693 735 1712 τι
756 1681 999 1722 διαπράξωνται
1019 1685 1097 1724 λαμ-

87 1736 185 1776 πρόν,
214 1735 253 1766 οὔ
278 1746 331 1775 μοι
357 1735 491 1765 δοκοῦσι
516 1737 623 1771 καλῶς
646 1739 754 1765 ποιεῖν
778 1734 953 1776 ἀνδρείους
977 1735 1097 1767 ἀποκα-
