1261 1917
527 46 622 70 EKTH
1042 44 1080 75 61

75 128 189 158 δοκιάν
215 126 301 166 παρὰ
329 130 388 156 τοῦ
417 125 576 166 βασιλέως
605 127 709 167 ἄνδρα
738 128 880 166 θεοφιλῆ
915 124 967 156 καὶ.
997 125 1082 165 παρὰ

75 180 170 219 δίκην
195 179 390 219 ζητούμενον
414 177 462 209 ἐπὶ
490 179 624 222 θανάτῳ
654 178 707 210 καὶ
737 179 920 210 λανθάνειν
944 178 1083 218 δυνάμε-

76 243 134 262 νον
158 231 311 272 διέβαλον
335 230 387 262 καὶ
413 232 623 271 παραδώσειν
644 230 838 271 ὑπέσχοντο·
864 232 965 270 γνοὺς
984 232 1045 271 γὰρ
1067 230 1083 261 ὁ

73 285 223 324 Δαυίδης
250 284 309 324 τὴν
336 290 402 315 τῶν
439 286 597 325 Ζιφηνῶν
625 285 828 324 κακοήθειαν
855 282 908 314 καὶ
937 284 997 323 τὴν
1025 288 1083 314 τοῦ

46 346 57 363 5
74 336 233 376 βασιλέως
251 337 384 378 ἔφοδον,
415 336 553 368 ἐκλείπει
583 335 644 378 μὲν
670 338 708 368 τὰ
737 337 834 368 στενὰ
863 341 920 377 τῆς
949 335 1084 367 ἐκείνων

73 390 190 430 χώρας,
213 390 327 431 φεύγει
358 389 387 421 δ’
416 389 465 421 ἐπὶ
493 391 552 430 τὴν
576 390 721 431 μεγάλην
744 389 867 430 πέτραν
896 390 956 430 τὴν
980 387 1084 420 οὖσαν

74 442 109 473 ἐν
138 447 175 484 τῇ
199 442 344 480 Μάωνος
369 442 485 486 ἐρήμῳ.

139 496 245 535 <281>
279 496 408 536 ὥρμησε
442 495 472 527 δ’
509 495 557 527 ἐπ’
589 495 718 536 ἐκείνην
751 496 884 527 διώκειν
917 495 1082 532 Σάουλος·
1104 506 1116 525 ς’

72 549 152 579 κατὰ
168 548 228 589 γὰρ
244 549 303 588 τὴν
319 549 398 580 ὁδὸν
414 549 670 589 ἀναχωρήσαντα
686 548 719 580 ἐκ
739 555 806 580 τῶν
821 554 946 580 στενῶν
965 548 1084 588 μαθὼν

32 609 57 628 10
72 602 130 631 τὸν
154 602 317 641 Δαυίδην,
343 601 393 633 ἐπὶ
419 603 454 633 τὸ
479 601 591 643 ἕτερον
614 601 712 642 μέρος
731 607 788 642 τῆς
811 601 931 642 πέτρας
950 601 1083 641 ἀπῆρεν.

72 653 369 694 ἀντιπεριέσπασαν
393 652 429 685 δὲ
453 655 510 686 τὸν
531 655 685 686 Σάουλον
706 654 768 685 ἀπὸ
788 659 846 695 τῆς
865 654 1006 692 διώξεως
1025 658 1084 684 τοῦ

71 708 235 745 Δαυίδου,
259 706 435 747 μέλλοντος
453 707 515 747 ’ἤδη
538 708 840 748 συλλαμβάνεσθαι,
865 705 1083 738 Παλαιστινοὶ

71 759 172 790 πάλιν
205 758 256 790 ἐπὶ
296 760 356 800 τὴν
390 766 455 791 τῶν
489 759 650 801 Ἑβραίων
688 759 936 800 ἐστρατευκέναι
974 760 1084 799 χώραν

72 811 305 849 ἀκουσθέντες·
337 812 387 844 ἐπὶ
418 814 479 852 γὰρ
504 814 640 849 τούτους
664 812 841 852 ἀνέστρεψε
866 813 964 853 φύσει
989 815 1084 843 πολε-

33 873 58 892 15
73 867 169 905 μίους
193 866 300 904 ὄντας,
325 865 445 902 αὐτοὺς
469 865 657 906 ἀμύνασθαι
688 866 803 905 κρίνας
827 864 1084 905 ἀναγκαιότερον

74 916 90 956 ἣ
115 919 173 948 τὸν
198 919 286 949 ἴδιον
305 917 530 955 σπουδάζοντα
555 919 669 958 λαβεῖν
693 917 816 958 ε’χθρὸν
836 918 1005 958 ὑπεριδεῖν
1024 918 1084 958 τὴν

72 974 134 1010 γῆν
156 974 372 1001 κακωθεῖσαν.

158 1022 243 1062 282)
267 1021 320 1053 καὶ
345 1023 495 1063 Δαυίδης
523 1021 583 1063 μὲν
611 1023 716 1060 οὕτως
745 1022 778 1054 ἐκ
806 1025 997 1064 παραλόγου
1025 1025 1108 1055 τὸν’

70 1075 230 1106 κίνδυνον
253 1075 428 1115 διαφυγὼν
453 1077 499 1113 εἰς
522 1077 560 1106 τὰ
589 1076 685 1106 στενὰ
715 1081 772 1116 τῆς
799 1075 994 1117 Ἐνγεδηνῆς
1021 1077 1083 1117 ἀφ-

32 1135 57 1155 20
72 1134 218 1167 ικνεΐται,
240 1129 379 1171 Σαούλῳ
401 1128 430 1160 δ’
449 1128 620 1169 ἐκβαλόντι
644 1130 720 1166 τοὺς
740 1131 984 1167 Παλαιστινοὺς
1004 1128 1084 1170 ’ἧκον

71 1179 331 1220 ἀπαγγέλλοντες
359 1180 446 1218 τινες
474 1183 532 1213 τὸν
555 1182 709 1222 Δαυίδην
734 1181 770 1213 ἐν
799 1188 868 1220 τοῖς
889 1182 1084 1223 Ἐνγεδηνῆς

71 1233 254 1274 διατρίβειν
269 1234 367 1274 ὅροις.
416 1235 523 1275 (283)
543 1236 654 1275 λαβὼν
674 1233 709 1266 δὲ
729 1238 931 1276 τρισχιλίους
950 1236 1085 1273 ὁπλίτας

72 1285 260 1323 ἐπιλέκτους
280 1285 329 1318 ἐπ’
347 1286 449 1318 αὐτὸν
469 1287 629 1327 ἠπείγετο,
649 1287 699 1319 καὶ
723 1290 898 1329 γενόμενος
918 1289 957 1320 οὐ
972 1290 1084 1330 πόρρω

71 1344 137 1369 τῶν
170 1340 279 1370 τόπων
307 1339 367 1381 ὁρᾷ
399 1341 486 1381 παρὰ
520 1341 580 1380 τὴν
613 1341 693 1372 ὁδὸν
722 1342 884 1381 σπήλαιον
911 1343 1002 1383 βαθὺ
1030 1341 1081 1373 καὶ

32 1399 57 1418 ²5
71 1394 195 1427 κοῖλον,
219 1393 265 1429 εἰς
288 1394 374 1424 πολὺ
397 1392 451 1424 καὶ
475 1398 577 1434 μῆκος
600 1394 745 1437 ἀνεῳγὸς
768 1394 819 1425 καὶ
846 1395 976 1433 πλάτος,
1001 1396 1085 1426 ἔνθα

73 1444 245 1485 συνέβαινε
276 1446 334 1476 τὸν
358 1447 512 1486 Δαυίδην
535 1448 615 1487 μετὰ
638 1453 705 1478 τῶν
728 1450 948 1488 τετρακοσίων
971 1448 1085 1488 κεκρύ-

73 1499 168 1536 φθαι.
215 1496 424 1538 ἐπειγόμενος
455 1495 516 1529 οὖν
540 1499 604 1530 ὑπὸ
628 1505 694 1530 τῶν
717 1501 797 1531 κατὰ
822 1501 925 1540 φύσιν
949 1503 1085 1532 εἴσεισιν

74 1550 120 1586 εἰς
142 1549 221 1581 αὐτὸ
245 1552 354 1591 μόνος.
391 1550 530 1588 θεαθεὶς
554 1551 583 1583 δ’
604 1552 667 1583 ὑπό
687 1564 777 1590 τινος
796 1559 863 1584 τῶν
882 1554 961 1594 μετὰ
980 1555 1085 1584 Δαυί-

75 1601 149 1641 δου,
185 1603 292 1643 <284>
315 1603 366 1634 καῖ
394 1604 582 1644 φράσαντος
606 1609 665 1636 τοῦ
690 1605 898 1646 θεασαμένου
922 1608 1004 1647 πρὸς
1027 1607 1086 1638 τὸν

35 1662 61 1680 ³0
75 1652 196 1695 ἐχθρὸν
224 1655 326 1687 αὐτοῦ
356 1657 443 1697 παρὰ
470 1661 530 1688 τοῦ
562 1661 646 1688 θεοῦ
680 1659 796 1698 καιρὸν
829 1659 916 1698 ἔχειν
949 1659 1085 1699 ἀμύνης,

145 1717 224 1746 §280
245 1729 277 1738 =
300 1720 311 1742 1
328 1716 394 1750 Reg.
416 1716 505 1742 xxm
522 1721 562 1743 24.
