1261 1917
159 65 223 96 272
525 65 795 89 APXAIOAOPIAE

158 145 278 185 διέγνω
312 150 356 187 τῷ
388 151 454 176 τῶν
484 143 692 186 Ἰσραηλιτῶν
725 143 900 185 ἐπιχειρεῖν
933 145 1076 184 βασιλεῖ,
1109 144 1167 174 τὸν

156 197 340 230 Ἐλισσαῖον
365 198 535 237 δεδοικώς,
565 202 717 238 φανερῶς
741 195 776 228 δὲ
800 199 954 237 πολεμεῖν
978 197 1099 237 ἔκρινε,
1123 200 1167 238 τῷ

158 252 279 291 πλήθει
303 254 360 291 τῆς
383 255 535 291 στρατιᾶς
558 249 612 281 καὶ
635 254 674 291 τῇ
699 250 835 290 δυνάμει
859 251 1000 290 νομίζων
1024 247 1168 289 περιέσε-

159 307 239 335 σθαι
262 309 328 335 τῶν
351 305 525 344 πολεμίων.
567 302 652 343 <61>
667 301 720 333 καὶ
741 303 910 343 στρατεύει
931 302 1008 342 μετὰ
1028 301 1169 342 μεγάλης

159 356 328 397 δυνάμεως
356 355 407 387 ἐπὶ
436 357 493 387 τὸν
514 354 684 396 Ἰώραμον,
713 354 749 391 ὃς
776 355 835 395 οὐχ
859 355 1041 395 ἡγούμενος
1067 354 1195 386 αὑτὸνῑ»

159 408 334 450 ἀξιόμαχον
359 406 443 440 εἶναι
468 414 537 445 τοῖς
560 409 684 448 Σύροις
709 406 890 438 ἐνέκλεισεν
913 407 1015 438 αὑτὸν
1039 408 1085 444 είς
1109 407 1168 447 τὴν

159 462 362 502 Σαμάρειαν,
381 464 519 501 θαρρῶν
538 465 575 501 τῇ
591 465 657 491 τῶν
672 465 788 500 τειχῶν
808 460 989 500 ὀχυρότητι.
1027 459 1169 496 ’Ἄδαδος

160 513 195 545 δὲ
219 514 434 554 λογισάμενος
457 513 605 553 αἱρήσειν
624 513 684 552 τὴν
703 513 810 549 πόλιν,
835 513 864 543 εί
884 511 938 542 καὶ
957 512 1000 552 μὴ
1020 517 1088 548 τοῖς
1111 523 1169 552 μη-

159 568 336 607 χανήμασι,
374 569 457 608 λιμῷ
495 564 606 606 μέντοι
643 564 696 596 καὶ
730 564 845 596 σπάνει
878 569 944 595 τῶν
977 563 1170 604 ἐπιτηδείων

159 619 427 660 παραστήσεσθαι
451 619 528 655 τοὺς
552 620 733 658 Σαμαρεῖς,
761 617 958 658 προσβαλὼν
987 616 1169 657 ἐπολιόρκει
1184 624 1210 643 1⁰

159 672 220 712 τὴν
243 673 349 703 πόλιν.
395 672 480 711 <62>
506 670 591 701 οὕτω
612 669 641 701 δ’
665 669 793 701 ἐπέλιπε
815 670 873 701 τὸν
890 668 1045 710 Ἰώραμον
1064 669 1084 709 ἡ
1103 675 1169 701 τῶν

160 725 348 764 ἀναγκαίων
373 724 509 764 εὐπορία
534 723 578 760 ὡς
602 724 656 754 διὰ
678 723 738 763 τὴν
756 723 943 763 ὑπερβολὴν
966 726 1023 762 τῆς
1043 721 1170 759 ε’νδείας

161 777 197 808 ἐν
224 782 262 818 τῇ
292 778 463 818 Σαμαρείᾳ
491 779 660 816 πραθῆναι
693 776 895 815 ὀγδοήκοντα
923 773 982 816 μὲν
1015 774 1170 815 ἀργυρῶν

160 831 359 870 νομίσματος
373 829 519 869 κεφαλὴν
535 830 625 866 ὄνου,
640 827 737 859 πέντε
753 827 782 858 δ’
800 828 955 869 ἀργυρῶν
972 829 1171 868 νομίσματος

161 882 276 922 ξέστην
302 883 428 923 κόπρου
456 887 656 922 περιστερῶν
684 880 757 912 ἀντὶ
788 880 877 912 ἁλῶν
906 881 1064 911 ὠνεῖσθαι
1094 881 1171 916 τοὺς
1186 887 1211 906 15
1257 889 1261 893 ’

157 934 337 976 Ἑβραίους.
384 934 478 973 <63>
508 931 549 973 ἦν
577 933 607 964 δ’
639 933 674 964 ἐν
702 935 795 975 φόβῳ
827 933 870 973 μὴ
902 933 955 963 διὰ
986 933 1044 963 τὸν
1074 933 1170 972 λιμὸν

160 988 273 1029 προδῷ
292 999 341 1024 τις
360 992 429 1023 τοῖς
449 986 581 1027 ἐχθροῖς
600 986 660 1026 τὴν
680 987 778 1017 πόλιν
797 986 814 1016 ὁ
832 984 995 1026 Ἰώραμος,
1018 983 1071 1016 καὶ
1091 983 1167 1015 καθ’

162 1039 300 1079 ἑκάστην
323 1039 447 1080 ’ἡμέραν
472 1039 698 1080 ἐκπεριήρχετο
722 1039 761 1069 τὰ
784 1040 872 1079 τείχη
896 1037 949 1068 καὶ
972 1039 1048 1074 τοὺς
1067 1038 1171 1077 φύλα-

161 1104 229 1131 κας,
253 1093 296 1133 μή
320 1105 369 1129 τις
393 1092 490 1123 ἔνδον
510 1095 558 1131 εἴη
578 1090 653 1132 παρ7
676 1091 785 1122 αὐτῶν
805 1092 1031 1130 σκεπτόμενος,
1054 1089 1107 1120 καὶ
1128 1094 1172 1132 τῷ

163 1144 341 1185 βλέπεσθαι
366 1144 419 1176 καὶ
444 1146 630 1185 φροντίζειν
655 1144 899 1184 ἀφαιρούμενος
921 1142 975 1174 καὶ
999 1143 1035 1173 τὸ
1058 1143 1171 1182 βούλε-
1186 1131 1211 1170 ἓξ)

163 1199 246 1228 σθαί
266 1210 297 1228 τι
321 1202 450 1228 τοιοῦτο
475 1196 527 1228 καὶ
552 1194 709 1237 τοῦργον,
737 1197 766 1227 εἰ
788 1197 910 1236 ταύτην
933 1208 982 1232 τις
1005 1195 1065 1235 τὴν
1089 1195 1172 1235 γνώ-

163 1262 226 1291 μην
250 1251 311 1290 ἤδη
337 1250 516 1290 λαμβάνειν
541 1251 697 1289 ἔφθασεν.
744 1249 837 1289 <64>
865 1248 1113 1289 ἀνακραγούσης
1137 1247 1175 1278 δέ

162 1315 251 1340 τινος
280 1304 434 1342 γυναικός
463 1301 619 1333 ’δέσποτα
648 1301 808 1341 ἐλεήσον,’
841 1303 978 1342 νομίσας
1011 1301 1114 1332 αἰτεῖν
1142 1312 1172 1331 τι

165 1356 295 1396 μέλλειν
319 1356 421 1395 αὐτὴν
444 1361 510 1386 τῶν
533 1356 615 1395 πρὸς
638 1355 775 1395 τροφήν,
799 1352 968 1394 ὀργισθεὶς
990 1352 1172 1393 ἐπηράσατο

166 1409 245 1449 αὐτῇ
265 1409 323 1439 τὸν
342 1409 435 1449 θεόν,
454 1407 507 1439 καὶ
528 1409 606 1448 μήτε
626 1408 711 1444 ἄλως
730 1407 817 1449 αὑτῷ
837 1407 914 1447 μήτε
932 1407 1052 1445 ληνοὺς
1071 1405 1173 1446 ὑπάρ-
1187 1413 1212 1432 25

164 1473 234 1501 χειν
255 1462 374 1501 ἔλεγεν,
399 1461 480 1491 ὅθεν
499 1473 529 1491 τι
548 1459 601 1491 καὶ
621 1460 782 1501 παράσχοι
802 1459 882 1500 αὐτῇ
903 1457 1049 1499 δεομένῃ.
1087 1458 1172 1497 (65)

165 1518 222 1554 τῆς
242 1512 271 1544 δ’
294 1514 430 1550 οὐδενὸς
450 1512 509 1554 μὲν
528 1513 657 1554 χρῄζειν
677 1513 830 1552 εἰπούσης
849 1512 985 1550 τούτων,
1009 1509 1079 1541 οὐδ’
1103 1509 1172 1541 ἐνο-

164 1569 254 1607 χλεῖν
278 1571 403 1607 τροφῆς
427 1566 531 1603 ἕνεκα,
556 1569 713 1606 κριθῆναι
738 1564 767 1595 δ’
791 1564 943 1603 ἀξιούσης
966 1564 1047 1603 πρὸς
1070 1563 1173 1602 ἄλλην

164 1624 318 1658 γυναῖκα,
351 1619 565 1655 κελεύσαντος
597 1617 705 1657 λέγειν
737 1615 790 1648 καὶ
824 1616 992 1647 διδάσκειν
1023 1614 1097 1655 περὶ
1127 1612 1173 1646 ὧν

165 1670 317 1711 ἐπιζητεῖ,
353 1672 522 1710 συνθήκας
551 1672 613 1711 ἔφη
641 1671 842 1709 ποιήσασθαι
871 1669 949 1709 μετὰ
978 1672 1035 1708 τῆς
1063 1667 1174 1708 ἑτέρας
1187 1675 1213 1694 30

236 1734 249 1762 g
265 1734 297 1757 <31
319 1744 351 1752 =
373 1734 388 1756 4
403 1730 580 1763 Reg.V124.
