1261 1917
200 81 262 111 126
568 84 837 109 ΑΡΧΑΙΟΛΟΓΙΑΣ

199 161 251 192 καὶ.
276 167 342 193 τῶν
366 161 542 200 ἑξακοσίων
567 163 725 201 ὁπλιτῶν,
755 165 789 194 οἳ
809 162 862 194 καὶ
887 168 944 204 τῆς
969 165 1098 206 πρώτης
1121 165 1208 208 αὐτῷ

198 219 306 255 φυγῆς
335 214 549 255 ἐκοινώνουν,
578 215 624 247 ὅτ’
657 217 707 255 ἔζη
738 217 898 254 Σάουλος.
945 217 1059 257 <200>
1088 218 1146 248 τὸν
1175 217 1204 248 δ’

195 265 395 309 Ἀβιάθαρον
419 267 473 299 καὶ
498 269 659 300 Σάδωκον
682 271 759 305 τοὺς
783 268 967 311 ἀρχιερέας,
991 272 1207 312 συναπαίρειν

196 319 283 362 αὐτῷ
308 321 538 361 διεγνωκότας,
563 320 615 352 καὶ
640 323 781 358 Λευίτας
805 323 952 359 ἅπαντας
976 323 1054 363 μετὰ
1078 327 1135 363 τῆς
1158 335 1205 354 κι-

195 374 303 413 βωτοῦ
322 373 433 414 μένειν
454 376 590 413 ἔπεισεν,
615 374 658 411 ὡς
682 379 740 405 τοῦ
759 378 842 405 θεοῦ
862 374 915 405 καὶ
936 375 978 416 μὴ
999 377 1204 416 μετακομιζο-
1219 384 1231 404 5

194 425 293 466 με’νης
316 426 416 467 αὐτῆς
440 426 635 468 ῥυσομένου.
681 428 797 467 <201>
823 427 1005 458 ἐνετείλατο
1030 426 1060 458 δ’
1087 427 1204 459 ἕκαστα

194 483 259 509 τῶν
287 478 470 519 γινομένων
497 479 605 521 λάθρα
634 478 840 519 διαγγέλλειν
869 479 966 522 αὐτῷ.
1012 482 1148 517 πιστοὺς
1172 479 1201 511 δ’

194 532 264 571 ἔσχε
293 532 374 572 πρὸς
402 532 506 562 πάντα
536 533 710 569 διακόνους
738 533 857 568 παῖδας
884 531 1017 573 Ἀχιμὰν
1048 531 1108 574 μὲν
1137 535 1203 564 Σα-

194 585 302 615 δώκου
328 583 487 624 Ἰωνάθην
521 584 550 615 δ’
578 584 788 626 Ἀβιαθάρου.
838 584 909 615 Έθὶ
939 584 968 615 δ’
1000 586 1017 616 ὁ
1047 587 1203 622 Γιτθαῖος

193 636 442 677 συνεξώρμησεν
461 637 547 679 αὐτῷ
567 638 764 678 βιασάμενος
787 638 847 677 τὴν
870 642 929 668 τοῦ
949 639 1101 669 Δαυίδου
1124 639 1201 678 βού·
1217 648 1242 667 10

192 692 288 728 λησιν
316 688 441 730 (μένειν
469 690 530 730 γὰρ
559 689 660 721 αὐτὸν
690 689 898 731 ἀνέπειθεν),
931 689 985 720 καὶ
1019 691 1073 721 διὰ
1105 695 1201 721 τοῦτο

192 745 316 782 μᾶλλον
345 742 462 778 εὔνους
490 742 577 784 αὐτῷ
605 742 780 782 κατεφάνη.
829 742 936 782 <202>
965 742 1202 783 ἀναβαίνοντος

192 793 221 824 δ’
249 794 350 826 αὐτοῦ
375 795 429 825 διὰ
454 799 512 825 τοῦ
534 794 707 831 Ἐλαιῶνος
735 796 834 836 ὄρους
862 800 1000 835 γυμνοῖς
1024 800 1092 832 τοῖς
1115 797 1202 835 ποσί,

190 846 242 878 καὶ
272 848 404 878 πάντων
428 849 489 878 σὺν
518 847 605 890 αὐτῷ
630 848 858 888 δακρυόντων,
887 847 1076 887 ἀγγέλλεται
1104 847 1158 879 καὶ
1184 848 1200 879 ὁ

188 899 394 941 Ἀχιτόφελος
418 900 528 931 συνὼν
547 905 590 942 τῷ
609 899 820 943 Ἀβεσαλώμῳ
845 899 897 931 καὶ
922 901 961 931 τὰ
980 901 1100 932 τούτου
1120 912 1199 942 φρο-
1216 910 1239 930 15

192 958 265 984 νῶν.
317 952 457 984 ἐπέτεινε
487 952 516 983 δ’
546 953 633 995 αὐτῷ
662 954 697 984 τὸ
726 954 874 994 λυπηρὸν
902 952 991 984 τοῦτ’
1023 952 1199 994 ἀκουσθέν,

188 1004 241 1036 καὶ
266 1006 324 1036 τὸν
347 1007 429 1037 θεὸν
454 1005 639 1037 ἐπεκαλεῖτο
665 1006 820 1046 δεόμενος
849 1005 1111 1047 ἀπαλλοτριῶσαι
1139 1006 1200 1046 τὴν

186 1057 413 1099 Ἀβεσαλώμου
442 1058 594 1089 διάνοιαν
627 1059 709 1099 πρὸς
742 1059 799 1089 τὸν
825 1057 1046 1099 Ἀχιτόφελον·
1081 1058 1198 1090 ἐδεδίει

189 1112 249 1151 γὰρ
279 1111 321 1151 μὴ
351 1111 507 1142 τάναντία
536 1111 772 1151 συμβουλεύων
801 1112 943 1142 πείσειεν
971 1110 1086 1151 αὐτόν,
1115 1111 1205 1154 ἀνὴρ·

188 1164 234 1194 ὢν
253 1164 419 1204 φρενήρης
433 1162 486 1194 καὶ
502 1164 651 1195 συνιδεῖν
666 1165 702 1195 τὸ
718 1162 883 1200 λυσιτελὲς
898 1164 1059 1201 ὀξύτατος.
1091 1164 1197 1204 <203>
1213 1173 1238 1193 20

187 1217 362 1257 γενόμενος
397 1215 426 1246 δ’
459 1215 509 1247 ἐπὶ
544 1221 600 1256 τῆς
628 1221 776 1257 κορυφῆς
808 1221 865 1247 τοῦ
897 1218 995 1257 ὄρους
1023 1216 1197 1248 ἀπεσκόπει

186 1269 245 1308 τὴν
264 1270 372 1308 πόλιν,
396 1267 449 1300 καὶ
469 1270 547 1309 μετὰ
567 1272 699 1300 πολλῶν
719 1269 882 1310 δακρύων,
907 1269 951 1306 ὡς
971 1269 1011 1300 ἂν
1032 1271 1198 1310 βασιλείας

187 1321 343 1362 ἐκπεσών,
371 1322 487 1362 ηὔχετο
517 1327 560 1364 τῷ
589 1325 666 1364 θεῷ.
714 1323 895 1362 συνήντησε
924 1321 954 1352 δ’
985 1322 1071 1364 αὐτῷ
1100 1324 1197 1363 φίλος

185 1374 267 1415 ἀνὴρ
296 1373 349 1405 καὶ
379 1374 511 1415 βέβαιος
536 1373 640 1405 Χουσὶ
670 1376 782 1415 ὄνομα.
829 1375 936 1415 <204>
965 1379 1082 1406 τοῦτον
1108 1375 1196 1416 ὁρῶν

184 1428 243 1467 τὴν
273 1427 395 1467 ἐσθῆτα
426 1427 688 1468 κατερρηγμένον
723 1426 775 1458 καὶ
804 1427 864 1467 τὴν
892 1428 1038 1468 κεφαλὴν
1069 1428 1194 1458 σποδοῦ
1209 1435 1234 1456 25

184 1481 290 1521 πλήρη
323 1479 376 1511 καὶ
405 1483 596 1521 θρηνοῦντα
625 1480 685 1520 τὴν
717 1480 900 1520 μεταβολὴν
932 1481 1109 1521 παρηγόρει
1139 1479 1193 1510 καὶ,

183 1534 374 1564 παύσασθαι
398 1538 455 1573 τῆς
479 1533 582 1573 λύπης
610 1534 798 1574 παρεκάλει,
827 1531 880 1563 καὶ
910 1532 1000 1569 τέλος
1029 1531 1193 1563 ι’κέτευσεν

183 1586 369 1616 ἀπελθόντα
397 1587 479 1626 πρὸς
509 1587 566 1616 τὸν
592 1584 828 1626 Ἀβεσάλωμον,
859 1585 902 1622 ὡς
932 1584 1082 1615 τάκείνου
1111 1596 1191 1626 φρο-

183 1642 314 1677 νοῦντα,
339 1638 376 1668 τά
401 1637 429 1668 τ’
456 1638 623 1679 ἀπόρρητα
647 1643 703 1678 τῆς
728 1638 876 1674 διανοίας
897 1637 999 1668 αὐτοῦ
1018 1643 1191 1668 κατανοεῖν

181 1690 234 1722 καὶ
254 1697 324 1728 ταῖς
340 1689 551 1731 Ἀχιτοφέλου
571 1692 786 1732 συμβουλίαις
805 1690 1045 1732 ἀντιπράττειν·
1068 1690 1108 1721 οὐ
1127 1691 1188 1731 γὰρ
1202 1699 1239 1722 30,

253 1754 266 1783 ἓ
287 1754 337 1777 ‘200
359 1765 390 1773 =
411 1755 424 1777 2
445 1752 512 1784 Reg.
532 1751 582 1777 XV
597 1754 637 1778 ‘251
