1261 1917
50 596 73 614 10

50 863 74 882 15

51 1128 76 1146 20

535 32 655 56 ENATH
1035 29 1100 62 305

87 109 194 150 εἷπον,
226 112 341 152 μόνοις
369 110 398 142 δ’
431 110 585 152 ἐφεῖσθαι
615 116 711 143 τοῦτο
744 117 852 143 ποιεῖν
881 117 950 148 τοῖς
979 110 1013 142 ἐκ
1041 116 1100 142 τοῦ

83 163 246 205 Ἀαρῶνος
284 163 430 203 γένους),
468 165 707 205 καταβοώντων
744 163 774 195 δ’
811 163 929 202 ἐξιέναι
968 163 1019 196 καὶ
1057 165 1099 205 μὴ

85 222 290 257 παρανομεῖν
314 217 360 254 εἰς
384 217 442 248 τὸν
466 218 563 256 θεόν,
591 216 761 258 ὀργισθεὶς
788 217 964 257 ἠπείλησεν
989 217 1101 254 αὐτοῖς

86 269 245 309 θάνατον,
270 270 300 300 εἰ
323 270 366 310 μὴ
391 270 451 310 τὴν
474 269 615 310 ἡσυχίαν
634 269 757 307 ἄξουσι.
795 270 904 309 <225>
926 270 1044 311 μεταξὺ
1065 268 1101 301 δὲ

87 323 218 363 σεισμὸς
242 321 398 362 ἐκλόνησε
426 323 486 362 τὴν
510 327 572 363 γῆν
596 322 710 363 μέγας,
737 322 791 354 καὶ
821 323 1014 360 διαστάντος
1042 328 1102 354 τοῦ

87 379 169 406 ναοῦ
194 375 317 416 φέγγος
343 375 436 416 ἡλίου
461 377 611 417 λαμπρὸν
636 375 794 417 ἐξέλαμψε
821 375 873 407 καὶ
899 381 936 417 τῇ
961 380 1020 407 τοῦ
1045 378 1101 416 βα-

87 427 203 465 σιλέως
232 429 305 465 ὕψει
333 427 550 469 προσέπεσεν,
581 429 625 466 ὡς
655 433 699 471 τῷ
730 427 790 470 μὲν
821 428 947 466 εὐθέως
978 428 1103 469 λέπραν

87 480 294 522 ἐπιδραμεῖν,
323 482 386 522 πρὸ
417 480 451 513 δὲ
481 486 538 522 τῆς
565 483 705 521 πόλεως,
735 483 817 522 πρὸς
847 487 884 523 τῇ
916 481 1102 522 καλουμένῃ

85 532 224 575 Ἐρωγῇ,
256 539 315 566 τοῦ
344 536 443 575 ὅρους
473 535 701 576 ἀπορραγῆναι
735 536 771 566 τὸ
804 535 905 576 ἥμισυ
935 540 994 566 τοῦ
1022 536 1103 566 κατὰ

88 586 147 626 τὴν
180 587 292 623 δύσιν,
325 586 377 619 καὶ
411 586 572 619 κυλισθὲν
604 587 760 629 τέτταρας
793 589 948 626 σταδίους
981 587 1031 619 ἐπὶ
1066 589 1102 619 τὸ

88 639 285 671 ἀνατολικὸν
313 641 390 681 ὅρος
419 645 549 681 στῆναι,
579 641 622 678 ὡς
646 641 703 678 τάς
731 653 765 672 τε
788 641 956 681 παρόδους
980 640 1104 681 ἐμφρα-

88 697 185 733 γῆναι
214 692 268 724 καὶ
297 695 374 731 τοὺς
402 694 622 734 παραδείσους
648 695 725 731 τοὺς
748 695 948 735 βασιλικούς.
995 694 1104 733 <226>

89 745 157 777 ἐπεὶ
183 745 217 777 δὲ
242 745 503 787 κατειλημμένην
523 747 582 787 τὴν
602 748 681 783 ὄψιν
703 751 761 778 τοῦ
786 746 945 787 βασιλέως
964 747 1028 778 ὑπὸ
1047 751 1105 786 τῆς

90 798 211 840 λέπρας
231 797 322 830 εἶδον
342 800 376 830 οῖ’
394 800 502 840 ιἐρεῖς,
527 801 668 840 ἔφραζόν
689 798 718 830 τ’
741 799 829 842 αὐτῷ
849 800 909 839 τὴν
929 800 1106 840 συμφορὰν

89 851 141 882 καὶ
167 851 320 884 ἐκέλευον
344 851 462 890 ἐξιέναι
488 857 545 892 τῆς
567 854 693 889 πόλεως
721 853 765 889 ὡς
791 852 901 892 ἐναγῆ.
947 852 964 883 ὃ
990 851 1020 883 δ’
1048 851 1103 883 ὑπ’

89 906 247 946 αἰσχύνης
270 916 303 936 τε
327 909 386 936 τοῦ
411 907 654 946 συμβεβηκότος
682 906 795 936 δεινοῦ
824 904 877 937 καὶ
906 909 965 936 τοῦ
993 904 1103 946 μηκέτ’

89 957 177 1000 αὐτῷ
201 959 388 999 παρρησίαν
408 955 492 989 εἶναι
512 958 548 989 τὸ
569 959 785 999 κελευόμενον
810 957 923 997 ἐποίει,
947 962 1004 998 τῆς
1024 956 1106 999 ὑπὲρ

90 1011 271 1051 ἄνθρωπον
300 1011 450 1047 διανοίας
480 1009 534 1041 καὶ
563 1016 630 1041 τῶν
658 1011 712 1041 διὰ
741 1009 830 1042 τοῦτ’
863 1012 909 1048 εἰς
937 1012 995 1042 τὸν
1024 1012 1107 1042 θεὸν

91 1063 305 1104 ἀσεβημάτων
329 1065 538 1103 ταλαίπωρον
567 1063 653 1094 οὕτω
681 1062 735 1094 καὶ
765 1064 899 1104 οἰκτρὰν
927 1064 1108 1105 ὑπομείνας

91 1118 196 1156 δίκην.
274 1117 365 1155 22ῖ>
393 1115 447 1147 καὶ
475 1118 597 1157 χρόνον
625 1116 686 1157 μέν
713 1129 787 1148 τινα
817 1118 931 1157 διῆγεν
962 1117 1022 1154 ἔξω
1050 1121 1107 1157 τῆς

90 1171 226 1209 πόλεως,
251 1170 387 1209 ἰδιώτην
411 1169 540 1207 ἀποζῶν
562 1172 647 1211 βιόν,
672 1173 730 1201 τοῦ
749 1170 869 1207 παιδὸς
888 1169 976 1212 αὐτῷ
993 1168 1108 1201 Ἰωθά-

91 1234 155 1263 μου
184 1223 244 1262 τὴν
272 1222 377 1263 ἀρχὴν
404 1224 666 1264 παραλαβόντος·
698 1221 798 1254 ἔπειτ’
829 1223 892 1254 ὑπὸ
922 1223 1026 1262 λύπης
1053 1221 1107 1253 καὶ

92 1275 238 1316 ἀθυμίας
260 1280 318 1315 τῆς
342 1274 391 1306 ἐπὶ
418 1281 486 1312 τοῖς
510 1275 742 1316 γεγενημένοις
765 1275 944 1315 ἀπέθανεν,
969 1277 1022 1315 ἔτη
1047 1273 1108 1316 μὲν

92 1329 215 1369 βιώσας
230 1328 312 1360 ὀκτὼ
328 1327 378 1359 καὶ
398 1328 563 1368 ἑξήκοντα,
582 1330 709 1360 τούτων
729 1326 765 1359 δὲ
780 1329 978 1369 βασιλεύσας
991 1329 1109 1368 πεντή-

55 1393 66 1409 ·.’
92 1393 192 1412 κοντα
217 1382 287 1412 δύο.
330 1381 493 1421 ἐκηδεύθη
519 1380 555 1412 δὲ
579 1383 680 1422 μόνος
701 1381 737 1412 ἐν
756 1387 826 1418 τοῖς
846 1380 965 1412 ἑαυτοῦ
984 1382 1109 1421 κήποις.

159 1435 267 1474 <228>
288 1434 305 1466 ὁ
326 1433 362 1465 δὲ
381 1438 440 1465 τοῦ
460 1433 670 1476 Ἱεροβοάμου
689 1440 767 1471 παῖς
787 1435 953 1475 Ζαχαρίας
977 1434 1009 1472 ἓξ
1029 1433 1107 1475 μησὶ
1122 1436 1161 1466 11

93 1488 290 1529 βασιλεύσας
318 1493 385 1518 τῶν
411 1486 635 1528 Ἰσραηλιτῶν,
667 1486 914 1528 δολοφονηθεὶς
941 1486 1110 1518 ἀπέθανεν

92 1541 156 1572 ὑπὸ
181 1542 283 1581 φίλου
307 1542 406 1580 τινός,
431 1541 627 1582 Σελλούμου
651 1539 712 1582 μὲν
736 1541 881 1581 τοῦνομα
900 1539 1052 1581 Ἰαβήσου
1077 1539 1108 1571 δ’

94 1594 184 1634 υἱοῦ,
209 1594 244 1631 ὃς
267 1593 319 1625 καὶ
345 1594 405 1634 τὴν
429 1595 600 1635 βασιλείαν
624 1592 692 1634 μετ’
719 1593 821 1625 αὐτὸν
844 1594 1046 1635 παραλαβὼν
1070 1593 1110 1624 οὐ

164 1667 178 1694 ,ὃ
194 1666 245 1688 225
261 1676 294 1684 =
310 1662 391 1689 Zach.
407 1662 471 1689 XIV
486 1667 510 1689 4.
584 1666 598 1695 ξ
614 1666 665 1689 ‘226
686 1676 718 1684 =
740 1666 754 1688 2
770 1662 860 1689 Paral.
877 1662 965 1688 XXVI
981 1665 1022 1689 20.

95 1710 110 1738 ξ
126 1709 176 1733 ’228
197 1719 229 1728 =
250 1710 266 1732 4
281 1707 347 1740 Reg.
365 1707 415 1732 XV
431 1709 454 1733 8.

151 1756 275 1775 Iosepm-s.
297 1756 326 1775 Π.
916 1754 951 1777 20
