1261 1917
163 70 225 100 184
530 72 800 97 APXAIOAOFIAE

161 151 197 180 αἱ
220 151 343 181 εἴσοδοι
373 151 427 181 διὰ
454 157 581 192 μικρῶν
609 152 696 183 πάνυ
724 155 850 193 θυρῶν.
898 152 1026 194 διέλαβε
1053 151 1089 184 δὲ
1113 154 1171 185 τὸν

165 203 244 234 ναὸν
262 202 315 233 καὶ
336 204 477 235 ἔνδοθεν
495 203 549 234 καὶ
570 204 693 242 ἔξωθεν
714 205 823 242 ξύλοις
841 206 1014 246 κεδρίνοις,
1037 206 1171 237 ἁλύσεσι

162 257 311 296 παχείαις
343 256 608 297 συνδεδεμένοις,
646 257 726 288 ὥστε
760 257 829 288 ἀντ’
865 259 1085 299 ὀχυρωμάτων
1117 258 1171 290 καὶ

164 309 272 349 ῥώμης
296 308 383 340 τοῦτ’
410 309 523 346 αὐτοῖς
546 307 640 340 εἶναι.

229 362 314 401 <T1>
335 362 453 392 διελὼν
473 360 508 393 δὲ
527 363 585 393 τὸν
604 363 686 393 ναὸν
711 364 757 400 εἰς
776 364 848 403 δύο,
872 364 930 395 τὸν
950 363 1009 404 μὲν
1032 364 1172 395 ἔνδοθεν

163 412 255 445 οἶκον
284 417 385 445 εἴκοσι
414 415 544 455 πήχεων
573 414 724 455 ἐποίησεν
756 416 879 447 ἄδυτον
913 414 1012 457 εἶναι,
1045 418 1104 448 τὸν
1137 415 1172 447 δὲ

163 467 399 507 τετταράκοντα
422 468 551 508 πήχεων
580 468 675 506 ἅγιον
703 469 785 499 ναὸν
809 468 985 507 ἀπέδειξεν.
1032 469 1172 510 ἐκτεμὼν

164 517 198 550 δὲ
223 520 282 550 τὸν
305 518 406 559 μέσον
429 525 541 559 τοῖχον
559 520 668 560 θύρας
688 519 841 560 ἐπέστησε
864 522 1027 563 κεδρίνοις,
1050 523 1173 563 χρυσὸν

164 571 279 607 αὐταῖς
315 572 422 602 πολὺν
459 571 718 612 ἐνεργασάμενος
753 572 805 604 καὶ
845 576 975 614 τορείαν
1011 576 1173 614 ποικίλην.

164 624 259 663 <72>
284 623 478 655 κατεπέτασε
507 623 543 655 δὲ
570 625 690 662 ταύτας
716 625 837 666 ὕφεσιν
865 626 1117 664 εὐανθεστάτοις
1141 626 1172 664 ἐξ

164 677 330 707 ὑακίνθου
353 675 405 706 καὶ
430 677 604 717 πορφύρας
631 676 685 708 καὶ
714 679 834 708 κόκκου
861 679 1105 719 πεποιημένοις,
1134 679 1174 710 οὐ

163 729 229 769 μὴν
253 728 335 760 ἀλλὰ
363 728 417 759 καὶ
446 730 572 769 βύσσου
600 730 826 771 λαμπροτάτης
854 730 907 762 καὶ
935 732 1174 772 μαλακωτάτης.

164 781 305 821 ἀνέθηκε
331 780 362 812 δ’
385 783 431 818 εἰς
454 783 490 813 τὸ
509 782 633 813 ἄδυτον
657 786 758 814 εἴκοσι
777 784 907 824 πήχεων
925 785 961 815 τὸ
981 782 1085 825 εὖρος,
1108 790 1175 816 τῶν

165 833 194 864 δ’
217 834 327 865 αὐτῶν
345 833 398 865 καὶ
418 835 455 865 τὸ
474 839 585 875 μῆκος,
610 835 670 866 δύο
691 837 860 876 χερουβεΐς
882 836 1093 878 ὁλοχρύσους,
1115 838 1174 877 πή-

164 898 249 927 χεων
273 885 429 928 ἑκατέραν
457 888 493 918 τὸ
521 887 606 924 ὕψος
633 887 738 919 πέντε.
785 889 845 919 δύο
874 888 904 919 δ’
930 887 1015 929 ἦσαν
1041 889 1174 932 ἑκατέρα

164 939 322 981 πτέρυγες
347 939 398 970 ἐπὶ
422 939 517 971 πέντε
542 941 654 980 πήχεις
683 940 902 981 ἐκτεταμέναι·
931 942 1017 982 <73>
1045 944 1097 973 διὸ
1121 942 1174 974 καὶ

164 992 204 1023 οὐ
223 993 351 1033 μακρὰν
371 991 424 1023 ἀπ’
445 992 596 1032 ἀλλήλων
615 992 715 1029 αὐτὰς
734 992 924 1033 ἀπέστησεν,
944 994 999 1025 ἵνα
1018 1000 1084 1025 τῶν
1102 1006 1174 1026 πτε-

165 1045 276 1085 ρύγων
291 1049 328 1085 τῇ
345 1043 404 1085 μὲν
423 1045 587 1075 ἅπτωνται
603 1049 661 1075 τοῦ
680 1046 761 1076 κατὰ
776 1047 875 1077 νότον
893 1046 1046 1087 κειμένου
1062 1049 1175 1088 τοίχου

1189 639 1214 658 10

1191 902 1215 920 15

165 1101 224 1127 τοῦ
248 1097 383 1135 ἀδύτου,
407 1101 445 1138 τῇ
470 1095 506 1127 δὲ
529 1098 609 1128 κατὰ
633 1100 769 1138 βορρᾶν,
793 1099 829 1129 αἶ
847 1097 876 1129 δ’
898 1099 993 1130 ἄλλαι
1017 1099 1176 1141 πτέρυγες
1204 1131 1209 1136 ,

165 1150 279 1185 αὑταῖς
304 1149 527 1180 συνάπτουσαι
552 1152 684 1190 τεθείσῃ
708 1151 828 1190 μεταξὺ
851 1151 960 1182 αὐτῶν
985 1156 1023 1193 τῇ
1047 1154 1174 1195 κιβωτῷ

165 1201 266 1241 σκέπη
286 1202 480 1242 τυγχάνωσι.
517 1203 574 1239 τὰς
593 1201 629 1233 δὲ
649 1205 818 1243 χερουβεῑς
838 1203 948 1241 οὐδεὶς
964 1204 1077 1236 ὁποῖαί
1088 1217 1175 1242 τινες

164 1253 248 1294 ἦσαν
277 1255 380 1285 εἰπεῖν
408 1253 480 1285 οὐδ’
511 1255 637 1286 εἰκάσαι
666 1256 812 1286 δύναται.
859 1257 944 1296 <74>
973 1257 1174 1299 κατέστρωσε

165 1306 201 1338 δὲ
225 1306 278 1338 καὶ
302 1312 361 1338 τοῦ
385 1312 468 1338 ναοῦ
491 1308 659 1348 τοῦδαφος
682 1307 839 1349 ἐλάσμασι
867 1314 1006 1350 χρυσοῦ,
1035 1310 1174 1350 ἐπέθηκε

166 1359 201 1391 ὁε
225 1359 279 1391 καὶ
303 1365 347 1403 τῷ
370 1363 498 1391 πυλῶνι
522 1365 581 1391 τοῦ
605 1366 688 1392 ναοῦ
711 1362 820 1403 θύρας
842 1363 924 1403 πρὸς
949 1363 985 1394 τὸ
1008 1362 1093 1400 ὕψος
1115 1368 1175 1394 τοῦ

165 1414 279 1453 τοίχου
299 1412 616 1454 συμμεμετρημένας,
639 1411 734 1454 εὖρος
754 1413 891 1454 ἐχούσας
910 1416 1039 1455 πήχεων
1062 1418 1174 1455 εἰκοσι,

165 1465 218 1497 καὶ
248 1466 366 1502 ταύτας
398 1467 612 1505 κατεκόλλησε
645 1471 764 1509 χρυσῷ.
816 1468 909 1507 <75>
941 1469 1112 1499 συνελόντι
1142 1467 1171 1498 δ’

166 1519 285 1557 εἰπεῖν,
309 1516 410 1549 οὐδὲν
433 1521 521 1549 εἴασε
545 1523 603 1549 τοῦ
627 1523 710 1549 ναοῦ
734 1518 832 1560 μέρος
856 1518 926 1550 οὔτ’
953 1520 1077 1557 ἔξωθεν
1102 1519 1172 1551 οὔτ’

166 1572 307 1602 ἔνδοθεν
335 1571 352 1602 ὃ
378 1571 421 1611 μὴ
445 1572 566 1611 χρυσὸς
589 1569 639 1610 ἧν.
685 1572 879 1602 κατεπέτασε
909 1570 944 1603 δὲ
972 1571 1026 1603 καὶ
1055 1573 1175 1609 ταύτας

165 1624 222 1660 τὰς
245 1624 352 1663 θύρας
381 1623 500 1663 ὁμοίως
528 1629 599 1660 ταῖς
628 1623 788 1665 ἐνδοτέρω
815 1625 1108 1665 καταπετάσμασιν.
1156 1625 1173 1665 ἡ

166 1674 201 1707 δὲ
226 1680 284 1707 τοῦ
307 1676 455 1716 προνάου
478 1677 564 1716 πύλη
588 1677 714 1707 τούτων
738 1676 837 1708 οὐδὲν
861 1675 934 1718 εἶχε.

237 1739 251 1767 ξ
268 1738 352 1761 71=
373 1739 387 1761 3
403 1736 579 1769 Reg.V116.

1190 1164 1216 1182 20

1190 1426 1215 1444 25

1187 1688 1252 1706 30¹
