1261 1917
34 597 58 616 10

35 859 59 878 15

36 1122 61 1142 20

39 1385 64 1404 25

42 1648 66 1667 30

518 32 640 56 ENATH
1020 28 1083 60 289

72 113 190 153 ὅρκους
212 107 262 149 οἷς
285 112 321 143 τὸ
346 110 439 149 ἀδεὲς
462 112 549 152 παρὰ
572 116 639 142 τῶν
661 111 913 151 συνεργούντων
933 111 1084 150 βεβαιοῦ-

71 177 133 204 ται,
157 165 192 196 τὸ
217 165 335 196 λοιπὸν
359 163 494 204 ἐθάρρει
522 169 594 201 ταῖς
621 164 701 195 κατὰ
725 168 782 204 τῆς
808 164 972 200 Γοθολιάς
997 161 1084 194 ἐλπί-

72 227 133 250 σιν.
175 217 283 257 <144>
309 217 343 248 οἱ
365 215 395 247 δ’
422 217 540 257 ἄνδρες
564 216 622 253 οὓς
646 216 662 248 ὁ
689 217 794 257 ι’ῗερεὺς
814 214 945 252 Ἰώδαος
968 226 1085 246 κοινω-

71 271 149 307 νοὺς
167 273 225 310 τῆς
244 268 390 310 πράξεως
409 269 615 310 παρειλήφει,
639 266 936 309 περιπορευθέντες
955 268 1085 299 ἅπασαν

71 324 130 363 τὴν
162 323 287 363 χώραν,
320 323 397 359 τοὺς
429 322 527 362 ιἐρεΐς
556 319 610 352 καὶ
641 322 718 358 τοὺς
747 322 888 358 Λευίτας
919 320 951 358 ἐξ
985 320 1086 360 αὐτῆς

72 375 289 416 ἀθροίσαντες
316 373 369 406 καὶ
398 376 476 412 τοὺς
503 379 570 405 τῶν
598 377 715 414 φυλῶν
739 374 979 414 προεστηκότας
1005 370 1085 413 ἧκον

72 429 206 468 ἄγοντες
230 429 276 466 εἰς
296 427 507 469 Ἱεροσόλυμα
535 428 618 468 πρὸς
646 428 704 459 τὸν
728 425 889 468 ἀρχιερέα.
935 426 1043 467 <145>
1067 426 1084 458 ὃ

72 479 108 513 δὲ
122 482 234 512 πίστιν
252 481 372 522 ᾔτησεν
391 480 512 518 αὐτοὺς
533 481 681 521 ἔνορκον,
702 478 722 520 ἦ
742 480 806 521 μὴν
826 479 986 520 φυλάξειν
1006 480 1085 520 ὅπερ

73 533 113 565 ἂν
141 533 294 574 μάθωσιν
322 533 510 574 ἀπόρρητον
538 532 614 574 παρ’
641 533 758 572 αὐτοῦ,
787 537 911 573 σιωπῆς
939 533 1004 574 ἅμα
1032 532 1083 564 καὶ

73 586 285 628 συμπράξεως
318 587 484 627 δεόμενον.
539 586 582 623 ὡς
615 585 645 616 δ’
679 583 824 626 ἀσφαλὲς
857 585 945 627 αὐτῷ
978 585 1086 625 λέγειν

73 640 291 680 ὀμωμοκότων
319 638 462 679 ἐγένετο,
490 639 692 680 παραγαγὼν
720 639 759 670 ὃν
788 638 822 669 ἐκ
850 643 909 669 τοῦ
934 639 1086 670 Δαυίδου

73 692 191 732 γένους
215 694 360 733 ἔτρεφεν,
385 689 493 729 ὀὗτος
514 691 605 732 ὑμΐν’
631 689 698 723 εἶπε
724 691 889 731 “βασιλεὺς
909 691 941 728 ἐξ
962 691 1087 731 ἐκείνης

73 750 130 785 τῆς
153 746 258 782 οἰκίας
283 745 323 785 ἣν
348 748 415 776 ἴστε
439 745 497 776 τὸν
520 746 603 775 θεὸν
626 744 706 785 ὑμῖν
732 745 1006 785 προφητεύσαντα
1030 746 1087 785 βα-

74 799 238 829 σιλεύσειν
262 799 337 839 ἄχρι
356 802 415 830 τοῦ
434 798 556 834 παντὸς
576 799 708 838 χρόνου.
751 797 861 837 <146>
881 802 1031 838 παραινῶ
1051 795 1086 828 δὲ

74 851 134 890 τὴν
158 852 271 891 τρίτην
295 851 388 892 ὑμῶν
412 856 532 891 μοῖραν
555 850 735 890 φυλάττειν
759 849 861 880 αὐτὸν
881 848 916 880 ἐν
936 854 980 892 τῷ
1001 850 1088 892 ἱερῷ,

74 904 134 943 τὴν
158 902 194 934 δὲ
218 903 374 944 τετάρτην
401 909 472 940 ταῖς
499 903 618 939 πύλαις
647 901 823 942 ἐφεστάναι
850 907 909 933 τοῦ
932 901 1089 943 τεμένους

74 955 224 996 ἁπάσαις,
247 955 268 996 ἣ
292 954 329 986 δὲ
352 956 431 996 μετὰ
455 956 577 995 ταύτην
597 954 695 995 ἐχέτω
716 955 777 995 τὴν
796 960 853 995 τῆς
872 954 1089 996 ἀνοιγομένης

75 1007 126 1039 καὶ
152 1008 318 1048 φερούσης
343 1009 389 1045 είς
412 1009 448 1039 τὸ
473 1009 642 1048 βασίλειον
670 1008 775 1047 πύλης
799 1008 967 1048 φυλακήν,
995 1008 1030 1038 τὸ
1057 1006 1085 1038 δ’

75 1061 154 1092 ἄλλο
180 1063 310 1101 πλῆθος
337 1061 463 1092 ἄοπλον
492 1060 528 1092 ἑν
556 1065 600 1103 τῷ
629 1061 706 1102 ι”ερςό
734 1059 935 1101 τυγχανέτω·
964 1059 1089 1101 μηδένα

76 1112 106 1144 δ’
133 1113 271 1153 ὁπλίτην
298 1114 463 1145 εἰσελθεῖν
491 1113 605 1152 ἐάσητε
635 1112 653 1153 ἢ
682 1114 786 1153 μόνον
814 1113 923 1154 ίερέα.’
971 1114 1087 1153 <147>

76 1165 287 1206 προσδιέταξε
307 1164 343 1197 δὲ
362 1167 491 1204 τούτοις
506 1165 604 1207 μέρος
618 1178 649 1197 τι
665 1171 731 1197 τῶν
747 1165 862 1208 ἱερέων
877 1165 932 1197 καὶ
948 1168 1089 1203 Λευίτας

76 1218 151 1259 περὶ
180 1219 281 1250 αὐτὸν
309 1216 393 1250 εἶναι
421 1220 480 1250 τὸν
510 1218 647 1259 βασιλέα
680 1225 751 1256 ταῖς
781 1220 956 1260 μαχαίραις
988 1219 1090 1250 αὐτὸν

78 1271 294 1312 ἐσπασμέναις
314 1272 596 1313 δορυφοροῦντας,
615 1272 673 1302 τὸν
693 1269 729 1302 δὲ
746 1272 953 1312 τολμήσαντα
972 1274 1090 1313 παρελ-

78 1328 154 1355 θεῖν
179 1326 225 1362 εἰς
248 1325 284 1355 τὸ
310 1324 399 1365 ἱερὸν
426 1323 633 1364 ὡπλισμένον
657 1323 868 1365 ἀναιρεῖσθαι
896 1326 1091 1365 παραυτίκα,

79 1378 251 1414 δείσαντας
275 1375 310 1408 δὲ
334 1375 437 1417 μηδὲν
460 1381 660 1417 παραμεῖναι
688 1381 726 1417 τῇ
755 1379 886 1418 φυλακῇ
914 1381 973 1408 τοῦ
1000 1379 1091 1417 βασι-

78 1429 167 1467 λέως.
206 1430 313 1469 <14S>
337 1428 392 1461 καὶ
416 1431 450 1460 οἳ
466 1427 526 1469 μὲν
546 1424 596 1466 οἷς
615 1429 632 1460 ὁ
652 1428 822 1470 ἀρχιερεὺς
841 1430 1091 1470 συνεβούλευσε,

79 1483 208 1519 τούτοις
222 1481 414 1519 πεισθέντες
434 1483 517 1525 ἔργῳ
538 1482 598 1522 τὴν
614 1484 808 1523 προαίρεσιν
828 1481 980 1523 ἐδήλουν·
1002 1482 1092 1514 ἀνοί-

80 1536 135 1572 ξας
154 1534 183 1565 δ’
203 1534 333 1572 Ἰώδαος
358 1535 417 1575 τὴν
438 1534 473 1565 ἐν
492 1539 537 1577 τῷ
557 1535 633 1578 ἱερῷ
653 1535 855 1575 ὁπλοθήκην,
880 1535 921 1576 ἣν
942 1536 1093 1576 Δαυίδης

80 1589 308 1627 κατεσκεύασε,
346 1587 510 1629 διεμέρισε
547 1593 616 1625 τοῖς
653 1587 902 1629 ἑκατοντάρχοις
939 1589 1004 1630 ἅμα
1037 1587 1091 1619 καὶ

82 1640 203 1680 ιἐρεῦσι
223 1640 275 1671 καὶ
292 1642 447 1678 Λευίταις
466 1640 590 1672 ἅπανθ’
617 1640 666 1672 ὅσ’
690 1639 790 1682 ηὗρεν
810 1640 846 1672 ἐν
868 1641 950 1682 αὐτῇ
970 1642 1093 1682 δόρατά

152 1703 165 1731 ξ
185 1703 234 1726 144
254 1713 286 1722 =
306 1704 321 1726 4
337 1700 404 1734 Reg.
420 1700 456 1726 XI
472 1705 501 1732 43
521 1704 536 1727 2
552 1700 642 1727 Paral.
660 1700 748 1726 XXIH
764 1704 787 1727 ι).

137 1750 260 1768 ΙοεεῑἨι-ε.
288 1749 318 1768 11.
903 1748 933 1770 19
