1261 1917
179 95 240 125 116
545 96 816 121 ΑΡΧΑΙΟΛΟΓῙΑΣ

176 187 231 212 τος
255 174 315 216 μὲν
339 175 440 207 αὐτὸν
463 175 599 216 βασιλέα
622 176 727 216 πάσης
754 181 811 217 τῆς
830 175 991 218 Ἑβραίων
1015 177 1185 217 δυνάμεως

175 227 229 258 καὶ
254 233 320 259 τῶν
344 227 380 259 ἐν
402 229 510 271 κύκλῳ
529 228 663 259 πάντων
683 228 793 260 ἐθνῶν
812 232 943 260 πολλῶν
962 228 1015 260 καὶ
1035 229 1185 270 μεγάλων

175 281 303 321 κύριον,
328 279 515 322 ῥυσαμένου
540 280 570 311 δ’
593 282 638 312 ἔτι
662 282 725 322 πρὸ
744 282 871 313 τούτων
891 281 925 313 ἐκ
943 287 1009 313 τῶν
1029 282 1185 313 Σαούλου

175 339 311 374 χειρῶν,
340 334 456 370 δόντος
481 332 510 364 δ’
538 333 625 376 αὐτῷ
649 333 702 365 καὶ
727 339 885 374 γυναῖκας
913 334 950 371 ἃς
975 335 1108 371 δικαίως
1131 333 1184 365 καὶ

176 388 321 426 νομίμως
344 386 499 426 ἠγάγετο,
528 386 839 427 καταφρονηθέντος
864 385 893 417 δ’
919 386 975 418 ὑπ’
1002 387 1104 418 αὐτοῦ
1131 385 1184 418 καὶ

177 438 409 479 ἀσεβηθέντος,
433 439 469 476 ὃς
493 438 670 480 ἀλλοτρίαν
693 451 727 470 τε
751 441 855 480 γήμας
879 441 946 480 ἔχοι
971 445 1111 479 γυναῖκα
1132 438 1183 470 καὶ

177 491 235 522 τὸν
263 490 357 532 ἄνδρ’
389 491 489 531 αὐτῆς
518 491 740 523 ἀποκτείνειεν
769 492 884 529 ἐκδοὺς
914 497 982 529 τοῖς
1009 493 1186 532 πολεμίοις.

177 544 285 583 <152>
310 544 429 575 δώσειν
452 541 513 575 οὖν
537 543 638 575 αὐτὸν
666 543 738 575 ἀντὶ
766 545 892 576 τούτων
921 545 1013 581 δίκας
1040 549 1084 586 τῷ
1108 547 1186 586 θεῷ,

176 595 228 626 καὶ
260 596 503 636 βιασθήσεσθαι
533 594 593 636 μὲν
621 596 722 627 αὐτοῦ
750 597 807 633 τὰς
837 602 995 636 γυναῖκας
1022 596 1080 637 ὑφ’
1115 596 1187 634 ἑνὸς

176 653 243 678 τῶν
261 649 399 689 παίδων,
420 648 761 689 ἐπιβουλευθήσεσθαι
782 648 817 680 δὲ
836 648 890 680 καὶ
909 649 1010 680 αὐτὸν
1028 648 1084 680 ὑπ’
1107 649 1187 680 ἐκεί-

177 712 249 741 νου,
269 699 323 731 καὶ
341 702 400 732 τὸν
420 701 590 742 ἁμάρτημα
607 702 718 742 κρύφα
736 706 833 733 τοῦτο
853 702 1019 743 δράσαντα
1038 703 1186 743 φανερὰν

177 754 238 793 τὴν
262 753 312 785 ἐπ’
338 754 426 796 αὐτῷ
450 754 545 794 δίκην
569 753 711 794 ὑφέξειν.
757 754 977 794 τεθνήξεσθαι
997 752 1033 785 δὲ
1052 753 1105 785 καὶ
1129 755 1187 785 τὸν

178 807 279 837 παῖδά
295 814 344 837 σοι
362 811 558 848 παραχρῆμα
573 807 631 837 τὸν
647 806 679 844 ἐξ
692 807 792 846 αὐτῆς
803 805 1051 847 γεγεννημένον.
1079 806 1188 847 <153>

178 858 402 900 ταραχθέντος
426 857 456 889 δ’
483 858 535 889 ἐπὶ
560 859 689 895 τούτοις
712 863 771 889 τοῦ
800 857 959 899 βασιλέως
986 857 1039 889 καὶ
1069 855 1187 899 συγχυ-

178 911 297 948 θέντος
322 912 451 950 ἱκανῶς,
475 910 528 942 καὶ
553 912 631 952 μετὰ
655 911 808 951 δακρύων
831 909 885 942 καὶ
907 911 1012 951 λύπης
1031 911 1188 952 ἀσεβῆσαι

179 963 343 1004 λέγοντος,
368 962 423 1005 (ἦν
447 965 509 1005 γὰρ
534 962 804 1004 ὁμολογουμένως
826 964 987 1003 θεοσεβὴς
1009 963 1063 995 καὶ
1085 962 1188 1004 μηδὲν

179 1017 333 1057 ἁμαρτὼν
362 1017 445 1053 ὅλως
477 1016 551 1058 περὶ
579 1017 636 1047 τὸν
665 1017 740 1056 βίον
768 1015 787 1056 ἢ
820 1017 858 1047 τὰ
890 1015 964 1057 περὶ
993 1016 1053 1056 τὴν
1083 1017 1188 1058 Οὐρία

179 1068 334 1111 γυναῖκα)
360 1069 514 1112 ᾤκτειρεν
538 1069 555 1100 ὁ
579 1070 669 1108 θεός,
692 1067 745 1099 καὶ
771 1068 1006 1107 διαλλάττεται,
1030 1069 1188 1109 φυλάξειν

179 1122 267 1164 αὐτῷ
291 1120 344 1153 καὶ
368 1122 428 1162 τὴν
453 1122 537 1161 ζωὴν
555 1120 609 1152 καὶ
629 1122 689 1161 τὴν
708 1122 877 1161 βασιλείαν
901 1120 1188 1162 ἐπαγγειλάμενος·

180 1179 393 1215 μετανοοῦντι
409 1175 470 1215 γὰρ
486 1173 559 1215 περὶ
575 1173 803 1214 γεγενημένων
818 1172 926 1204 οὐκέτι
941 1176 1088 1214 χαλεπῶς
1103 1175 1189 1214 ἔχειν
1204 1182 1214 1199 2

182 1229 311 1267 ἔφασκε.

246 1279 299 1310 καὶ
325 1279 487 1316 Ναθάνας
515 1278 575 1319 μὲν
604 1283 704 1310 ταῦτα
732 1283 776 1321 τῷ
805 1280 934 1319 βασιλεῖ
960 1279 1189 1320 προφητεύσας

181 1331 286 1364 οἴκαδ’
314 1332 492 1372 ἐπανῆλθε·
518 1332 625 1372 <154>
651 1336 695 1374 τῷ
720 1330 749 1362 δ’
777 1331 811 1362 ἐκ
830 1336 887 1372 τῆς
908 1331 1012 1373 Οὐρία
1034 1332 1189 1371 γυναικὸς

180 1384 345 1427 γενομένῳ
373 1384 466 1416 παιὸὶ
495 1385 626 1425 Δαυίδῃ
654 1385 755 1415 νόσον
784 1383 953 1424 ἐνσκήπτει
981 1384 1125 1424 χαλεπὴν
1152 1384 1189 1415 τὸ

180 1441 291 1477 θεῖον,
322 1436 374 1478 ἐφ’
406 1435 426 1478 ᾖ
455 1438 634 1478 δυσφορῶν
662 1437 679 1468 ὁ
707 1438 860 1478 βασιλεὺς
887 1437 1015 1477 τροφὴν
1046 1435 1105 1477 μὲν
1134 1435 1187 1477 ἐφ’
1205 1427 1253 1463 :⁷

180 1490 302 1531 ἡμέρας
325 1489 415 1530 ἑπτά,
438 1491 545 1521 καίτοι
569 1488 598 1529 γ’
625 1489 874 1529 ἀναγκαζόντων
897 1494 963 1520 τῶν
985 1490 1125 1529 οἰκείων,
1149 1488 1189 1519 οὐ

180 1542 435 1584 προσηνέγκατο,
459 1542 618 1583 με’λαιναν
642 1540 677 1572 δὲ
701 1541 917 1583 περιθέμενος
939 1541 1062 1581 ἐσθῆτα
1080 1541 1189 1572 πεσὼν

181 1595 232 1626 ἐπὶ
262 1596 383 1626 σάκκου
411 1596 491 1626 κατὰ
515 1600 574 1634 γῆς
598 1596 714 1631 ἔκειτο,
743 1595 801 1625 τὸν
828 1595 910 1625 θεὸν
938 1592 1020 1634 ὑπὲρ
1051 1598 1107 1634 τῆς
1130 1598 1189 1624 τοῦ

180 1649 298 1685 παιδὸς
317 1648 470 1678 ἱκετεύων
490 1648 662 1687 σωτηρίας·
684 1646 813 1687 σφόδρα
837 1647 898 1686 γὰρ
919 1647 1069 1687 ἔστεργεν
1089 1646 1190 1677 αὐτοῦ

1203 657 1227 675 10

1204 918 1227 937 15

181 1701 241 1741 τὴν
265 1699 395 1741 μητέρα.
442 1700 548 1739 <155>
571 1704 608 1740 τῇ
634 1698 663 1730 δ’
691 1698 813 1740 ἑβδόμῃ
836 1704 902 1729 τῶν
926 1698 1056 1739 ἡμερῶν
1082 1701 1190 1730 τελευ-
1203 1707 1229 1726 3⁰

253 1763 267 1792 §e
288 1763 337 1786 152
358 1773 389 1782 =
410 1763 425 1786 2
445 1760 512 1792 Reg.
532 1759 583 1785 ΧΠ
599 1762 640 1785 11.
