1261 1917
503 53 624 78 ENATn
1005 51 1069 83 269

119 133 214 173 <47>
241 135 496 173 προσελθοῦσαν
524 133 586 174 γὰρ
615 133 703 175 αὐτῷ
727 131 807 173 φασὶ
837 133 898 173 τὴν
919 131 1070 173 Ὠβεδίου
1090 141 1104 164 2

52 190 111 217 τοῦ
133 184 272 227 Ἀχάβου
296 187 475 227 οἰκονόμου
499 191 639 226 γυναῖκα
668 187 772 218 εἰπεῖν
800 186 844 222 ὡς
873 185 933 217 οὐκ
957 185 1072 225 ἀγνοεῖ

51 244 121 276 πῶς
145 239 228 280 ἀνὴρ
253 239 354 280 αὐτῆς
382 241 459 276 τοὺς
481 240 654 280 προφήτας
680 238 895 280 περιέσωσεν,
924 239 988 270 ὑπὸ
1013 244 1071 279 τῆς

13 281 17 333 ἵ
50 290 190 333 Ἀχάβου
205 294 362 332 γυναικὸς
379 291 555 333 Ἰεζαβέλης
573 291 848 333 ἀναιρουμένους·
870 290 987 322 ἑκατὸν
1007 292 1069 331 γὰρ

12 353 38 374 ’τι
53 345 166 385 ἔλεγεν
184 344 239 377 ὑπ’
259 345 361 377 αὐτοῦ
376 343 617 386 δανεισαμένου
632 349 799 386 τραφῆναι
813 343 1070 386 κεκρυμμένους,

51 397 106 430 καὶ
130 399 210 439 μετὰ
234 399 294 439 τὴν
318 398 459 439 τάνδρὸς
482 398 638 438 τελευτὴν
661 399 802 438 ἄγεσθαι
826 402 889 429 νῦν
916 398 979 429 ὑπὸ
1004 402 1070 428 τῶν

16 491 18 493 .
52 451 236 483 δανειστῶν
259 451 341 491 αὐτή
366 462 399 482 τε
423 450 476 482 καὶ
501 452 541 482 τὰ
565 450 662 482 τέκνα
681 452 764 492 πρὸς
783 452 948 482 δουλείαν.
988 462 1070 490 παρ-

10 495 11 498 ¹
51 504 159 536 εκάλει
183 516 217 536 τε
242 505 298 535 διὰ
321 505 444 544 ταύτην
468 505 528 544 τὴν
553 504 744 545 εὐεργεσίαν
771 504 913 545 τάνδρὸς
939 502 1073 544 ἐλεῆσαί

51 569 85 588 τε
108 556 162 588 καὶ
187 563 369 598 παρασχεῖν
392 558 466 589 τινὰ
491 558 662 598 βοήθειαν.
709 558 802 598 <48>
830 555 1011 599 πυθομένῳ
1041 546 1067 587 δ’

8 607 37 645 ]'0
51 611 139 653 αὐτῷ
159 613 194 642 τί
206 612 274 652 ἔχοι
295 609 346 642 ἐπὶ
367 615 424 651 τῆς
443 611 558 651 οἰκίας,
577 611 657 642 ἄλλο
673 609 733 652 μὲν
748 609 848 642 οὐδὲν
863 611 937 651 ἔφηῆ
957 611 1069 641 ἔλαιον

52 661 88 695 δὲ
108 665 213 704 βραχὺ
233 666 308 696 λίαν
324 663 359 695 ἐν
378 666 532 707 κεραμίῳ.
570 664 587 695 ὁ
608 662 644 695 δὲ
663 664 835 704 προφήτης
854 663 1069 695 ἀπελθοῦσαν

51 715 222 748 ἐκέλευσεν
246 717 360 757 ἀγγεῖα
380 718 567 758 χρήσασθαι
592 718 697 748 πολλὰ
716 718 804 757 παρὰ
823 722 890 748 τῶν
909 718 1069 756 γειτόνων

49 770 139 809 κενά,
163 769 217 801 καὶ
242 771 299 807 τὰς
316 771 426 811 θύρας
446 770 688 801 ἀποκλείσασαν
708 775 766 802 τοῦ
786 770 954 810 δωματίου
973 781 1068 810 μετα-

49 828 120 864 χεῖν
149 824 196 860 εἰς
225 824 352 854 ἅπαντα
381 823 550 855 τοῦλαιον·
584 825 643 854 τὸν
676 824 737 864 γὰρ
766 824 849 854 θεὸν
881 823 1068 863 πληρώσειν

10 883 35 904 15
49 880 161 907 ταῦτα.
199 876 286 916 <49>
301 881 358 916 τῆς
373 875 409 907 δὲ
425 878 583 916 γυναικὸς
597 877 635 907 τὰ
650 875 872 907 κελευσθέντα
886 875 1068 916 ποιησάσης

48 928 103 960 καὶ
118 934 188 966 τοῖς
206 928 334 966 τέκνοις
353 929 555 970 προσφέρειν
573 929 712 961 ἕκαστον
726 935 793 960 τῶν
808 929 950 969 ἀγγείων
967 938 1066 969 προσ-

48 982 238 1022 ταττούσης,
266 981 335 1013 ἐπεὶ
359 982 465 1014 πάντα
490 982 667 1023 ἐπληρώθη
691 981 745 1014 καὶ
770 981 869 1014 οὐδὲν
893 980 935 1022 ἦν
959 983 1067 1022 κενόν,

49 1034 195 1067 ἐλθοῦσα
218 1036 300 1075 πρὸς
319 1036 378 1067 τὸν
397 1037 572 1077 προφήτην
591 1035 679 1067 τοῦτ’
697 1035 904 1076 ἀπήγγειλεν.
942 1036 1028 1075 <50>
1049 1035 1066 1066 ὃ

50 1086 86 1119 δὲ
115 1089 334 1129 συμβουλεύει
363 1089 520 1120 τοῦλαιον
551 1089 764 1120 ἀπελθοῦσαν
793 1089 982 1120 ἀποδόσθαι
1012 1087 1067 1120 καὶ

9 1146 118 1178 ποτοῖς
142 1142 329 1178 δανεισταῖς
353 1141 537 1173 ἀποδοῦναι
562 1143 600 1173 τὰ
625 1142 836 1183 ὀφειλόμενα·
866 1142 1066 1182 γενήσεσθαι

49 1193 88 1225 δέ
109 1206 139 1225 τι
163 1193 216 1225 καὶ
236 1195 390 1235 περιττὸν
410 1194 443 1225 ἐκ
463 1199 520 1235 τῆς
538 1199 634 1236 τιμῆς
654 1195 821 1235 τούλαίου,
846 1197 872 1238 ᾠ
893 1195 976 1236 πρὸς
995 1195 1067 1226 δια-

48 1247 176 1288 τροφὴν
200 1247 260 1287 τὴν
284 1253 350 1278 τῶν
374 1247 498 1279 τέκνων
520 1249 765 1289 καταχρήσεται.
811 1248 866 1280 καὶ
883 1247 1068 1286 Ἐλισσαῖος

48 1298 109 1341 μὲν
134 1300 238 1337 οὕτως
262 1300 425 1340 ἀπήλλαξε
448 1306 515 1332 τῶν
538 1307 645 1342 χρεῶν
668 1302 729 1341 τὴν
752 1307 904 1341 γυναῖκα,
930 1300 985 1332 καὶ
1008 1306 1067 1342 τῆς

48 1353 112 1384 ἀπὸ
136 1359 202 1384 τῶν
227 1354 409 1385 δανειστῶν
433 1354 560 1394 ὕβρεως
583 1354 824 1395 ἠλευθέρωσεν.

9 1413 34 1434 25
117 1431 122 1436 .
139 1431 145 1436 .
161 1431 167 1437 .
189 1407 273 1446 (51)
291 1405 474 1444 Ἐλισσαῖος
497 1405 534 1438 δὲ
553 1407 675 1448 ταχέως
695 1409 778 1447 πρὸς
795 1406 952 1448 Ἰώραμον
970 1406 1064 1445 ε’ξαπ-
1085 1414 1099 1437 3

48 1458 186 1497 ε’στειλε,
215 1459 442 1500 φυλάττεσθαι
467 1461 525 1491 τὸν
549 1462 651 1492 τόπον
676 1460 803 1491 ἐκεῖνον
832 1460 920 1503 αὐτῷ
948 1471 1065 1500 παραι-

48 1518 129 1544 νῶν·
159 1510 245 1544 εἶναι
273 1513 335 1553 γὰρ
365 1512 400 1544 ἐν
425 1513 513 1556 αὐτῷ
538 1514 674 1555 Σύρους
701 1514 794 1550 τινὰς
821 1515 898 1551 τοὺς
923 1513 990 1545 ἐκεῖ
1012 1517 1066 1546 λο-

47 1571 174 1606 χῶντας
198 1566 299 1597 αὐτὸν
323 1566 462 1597 ἀνελεῖν.
507 1566 560 1597 καὶ
585 1567 603 1598 ὁ
627 1565 687 1608 μὲν
710 1568 865 1608 βασιλεὺς
884 1566 990 1598 οὐκέτ’
1013 1567 1065 1599 ἐπὶ

48 1618 108 1658 τὴν
122 1619 233 1660 θήραν
249 1619 412 1660 ἐξώρμησε
426 1624 471 1662 τῷ
481 1621 634 1662 προφήτῃ
649 1622 858 1661 πειθόμενος,
873 1620 1065 1661 <52>'‘A‹5a-

10 1677 36 1698 ⁸0
50 1671 107 1708 δος
131 1669 167 1702 δὲ
190 1676 248 1712 τῆς
271 1671 448 1713 ἐπιβουλῆς
467 1674 667 1715 διαμαρτών,
692 1674 736 1711 ὡς
759 1679 826 1705 τῶν
846 1674 943 1705 ἰδίων
962 1673 1064 1705 αὐτοῦ

121 1734 135 1762 g
151 1735 184 1758 47
205 1746 237 1754 =
257 1736 273 1758 4
288 1733 410 1766 1³22ng
426 1737 448 1759 1.
523 1737 537 1765 ξ
553 1737 584 1760 51
607 1747 639 1755 =
659 1737 675 1760 4
691 1734 850 1767 Reg.V19.
