1261 1917
175 55 238 86 250
542 56 811 81 APXAIOAOPIAZ

174 140 233 167 τοῦ
264 135 402 167 Ἀδάδου
434 135 487 167 καὶ
516 138 593 173 τοὺς
620 136 741 174 ἵππους
768 137 879 177 λαβὼν
906 135 1105 178 ἀνέστρεψεν
1134 136 1180 173 εἰς

174 189 234 229 τὴν
257 190 363 220 πόλιν.

241 242 350 281 <378>
368 246 427 272 τοῦ
447 240 482 273 δὲ
502 243 673 282 προφήτου
692 241 995 283 παρασκευάζεσθαι
1013 242 1180 282 φήσαντος

174 292 228 325 καὶ
243 294 303 334 τὴν
318 295 460 335 δύναμιν
476 293 608 335 ἑτοίμην
623 295 709 335 ἔχειν
729 295 772 332 ὡς
790 299 834 337 τῷ
854 294 978 325 ἐπιόντι
997 293 1097 325 πάλιν
1117 295 1181 325 ἔτει

175 347 430 388 στρατεύσοντος
458 346 506 378 ἐπ’
538 347 639 378 αὐτὸν
667 351 725 378 τοῦ
754 347 883 388 Σύρου,
912 347 929 378 ὁ
957 345 1017 387 μὲν
1040 345 1181 387 ’Ἁχαβος

174 400 255 440 πρὸς
274 400 402 437 τούτοις
422 397 474 440 ἧν·
503 400 610 439 <379>
630 400 646 431 ὁ
668 399 697 430 δ’
714 399 856 436 ’Ἁδαδος
875 398 1052 436 διασωθεὶς
1071 398 1105 430 ἐκ
1124 404 1181 440 τῆς

175 453 278 493 μάχης
310 451 385 493 μεθ’
417 452 494 492 ὅσης
522 452 669 492 ἐδυνήθη
698 456 864 493 στρατιᾶς,
898 452 1180 492 συνεβουλεύσατο

175 511 244 541 τοῖς
272 505 374 536 αὑτοῦ
401 507 511 545 φίλοις
534 511 602 542 πῶς
626 504 912 546 ἐπιστρατεύσηται
936 510 1005 541 τοῖς
1025 503 1182 546 Ἰσραηλί-

175 570 254 594 ταις.
301 559 336 588 οἳ
361 556 390 588 δ’
418 557 453 589 ἐν
476 556 535 598 μὲν
559 564 627 595 τοῖς
651 559 762 598 ὄρεσιν
786 558 845 588 οὐκ
870 557 1023 588 ἐδίδοσαν
1047 557 1181 598 γνώμην

176 611 357 650 συμβαλεῖν
381 609 504 647 αὐτοῖς·
529 611 587 641 τὸν
610 611 671 651 γὰρ
696 611 778 641 θεὸν
802 610 910 641 αὐτῶν
934 609 970 640 ἐν
988 615 1056 646 τοϊς
1075 610 1181 640 τοιού-

175 674 244 699 τοις
273 663 438 693 δύνασθαι
467 664 593 702 τόποις,
621 662 675 694 καὶ
704 663 758 693 διὰ
784 667 880 693 τοῦτο
904 667 968 693 νῦν
991 661 1045 693 ὑπ’
1072 662 1182 693 αὐτῶν

175 719 382 755 νενικῆσθαι·
403 716 576 756 κρατήσειν
596 714 625 746 δ’
649 716 761 755 ἔλεγον
777 715 812 746 ἐν
826 716 927 758 πεδίῳ
942 714 1182 756 ποιησαμένους

175 768 235 807 τὴν
259 768 374 809 μάχην.
416 768 523 808 <380>
547 769 789 809 συνεβούλευον
813 766 849 799 δὲ
872 769 954 809 πρὸς
977 768 1081 810 τούτῳ
1105 769 1182 804 τοὺς

175 819 235 860 μὲν
259 820 422 861 βασιλέας,
446 821 504 858 οὓς
527 820 704 861 ἐπηγάγετο
725 821 925 862 συμμάχους,
949 820 1110 851 ἀπολῦσαι
1135 821 1182 857 εἰς

175 874 213 904 τὰ
234 874 347 913 οἰκεῖα,
367 873 426 913 τὴν
447 872 481 904 δὲ
502 874 657 914 στρατιὰν
677 873 786 904 αὐτῶν
805 876 988 913 κατασχεῖν,
1008 871 1077 903 ἀντ’
1101 872 1181 904 ε’κεί-

174 938 243 957 νων
267 926 432 967 σατράπας
452 926 706 965 καταστήσαντα,
731 926 777 962 εἰς
797 924 832 956 δὲ
852 926 911 965 τὴν
930 930 996 956 τῶν
1016 925 1182 956 ἀπολωλό-

175 990 240 1009 των
268 978 359 1016 τάξιν
387 981 645 1019 στρατολογῆσαι
674 979 817 1018 δύναμιν
845 977 879 1008 ἐκ
908 982 964 1018 τῆς
991 978 1097 1018 χώρας
1125 982 1182 1018 τῆς

175 1031 284 1062 αὐτῶν
312 1030 365 1062 καὶ
394 1031 514 1068 ἵππους
536 1030 589 1062 καὶ
614 1031 748 1072 ἅρματα.
795 1030 973 1071 δοκιμάσας
997 1028 1057 1061 οὖν
1080 1035 1181 1061 ταῦτα

177 1085 330 1125 εἰρῆσθαι
354 1086 460 1120 καλῶς
484 1083 569 1114 οὕτω
594 1084 785 1124 διεκόσμησε
809 1083 869 1123 τὴν
893 1084 1044 1123 δύναμιν.

242 1137 349 1177 (381)
370 1136 553 1178 ἀρξαμένου
574 1134 609 1167 δὲ
628 1140 687 1167 τοῦ
707 1137 803 1177 ἒαρας
823 1135 997 1175 ἀναλαβὼν
1012 1135 1072 1175 τὴν
1087 1143 1181 1176 στρα-

175 1190 248 1220 τιὰν
267 1186 347 1229 ἦγεν
367 1188 418 1220 ἐπὶ
438 1190 514 1226 τοὺς
529 1187 710 1229 Ἑβραίους,
729 1187 783 1219 καὶ
804 1189 978 1228 γενόμενος
994 1188 1075 1229 πρὸς
1089 1189 1182 1219 πόλει

175 1243 244 1273 τινί
266 1240 397 1283 (Ἀφεκὰ
422 1240 451 1272 δ’
474 1241 577 1281 αὐτὴν
600 1242 771 1276 καλοῦσιν)
796 1240 831 1271 ἐν
855 1240 983 1283 μεγάλῳ
1008 1248 1182 1281 στρατοπε-

176 1295 304 1325 δεύεται
330 1294 440 1337 πεδίῳ.
483 1293 623 1334 ’Ἄχαβος
647 1292 676 1324 δ’
703 1293 891 1333 ἀπαντήσας
914 1293 1000 1335 αὐτῷ
1024 1293 1103 1333 μετὰ
1126 1297 1183 1332 τῆς

177 1347 348 1388 δυνάμεως
371 1346 762 1386 ἀντεστρατοπεδεύσατο·
792 1346 922 1387 σφόδρα
948 1344 977 1376 δ’
1004 1342 1045 1385 ἧν
1069 1345 1182 1385 ὀλίγον

177 1401 279 1431 αὐτοῦ
312 1400 348 1431 τὸ
380 1399 563 1440 στράτευμα
590 1400 672 1440 πρὸς
698 1400 775 1435 τοὺς
803 1400 978 1439 πολεμίους
1006 1398 1182 1439 ἀντιπαρα-

177 1454 389 1493 βαλλόμενον.
437 1453 543 1492 <382>
578 1457 636 1483 τοῦ
670 1450 706 1483 δὲ
737 1452 909 1493 προφήτου
939 1451 1183 1491 προσελθόντος

177 1506 264 1548 αὐτῷ
288 1505 387 1536 πάλιν
410 1504 463 1536 καὶ
488 1507 583 1545 νίκην
606 1505 664 1536 τὸν
687 1505 769 1536 θεὸν
793 1504 880 1546 αὐτῷ
905 1504 1033 1534 διδόναι
1058 1503 1183 1543 φήσαν-

177 1570 241 1597 τος,
265 1558 319 1588 ’ίνα
344 1558 403 1597 τὴν
427 1558 516 1588 ἰδίαν
541 1558 635 1597 ἰσχὺν
659 1557 855 1596 ἐπιδείξηται
875 1556 918 1597 μὴ
937 1557 1041 1596 μόνον
1061 1554 1096 1586 ἐν
1115 1561 1183 1592 τοῖς

177 1613 289 1652 ὄρεσιν
317 1610 398 1641 ἀλλὰ
426 1609 488 1641 κάν
515 1615 583 1646 τοῖς
611 1610 737 1646 πεδίοις
764 1608 990 1650 ὑπάρχουσαν,
1019 1608 1096 1649 ὅπερ
1123 1607 1183 1638 οὐκ

1197 621 1222 639 10

1198 882 1222 901 15

1197 1145 1221 1164 20

1197 1407 1221 1426 25

177 1661 262 1694 εἶναι
287 1664 378 1693 δοκεῖ
399 1667 467 1699 τοῖς
487 1663 622 1702 Σύροις,
646 1660 724 1692 ἑπτὰ
748 1660 808 1702 μὲν
830 1660 952 1702 ἡμέρας
971 1660 1181 1701 ἀντεστρατο-
1195 1669 1220 1688 30

249 1726 262 1754 ξ
279 1725 330 1749 378
351 1736 382 1744 =
403 1726 417 1748 3
434 1722 499 1755 Reg.
520 1722 569 1747 XX
586 1724 626 1747 ⁴22.
