1261 1917
572 47 693 71 ENATH
1073 43 1135 75 297

123 127 207 157 πολὺ
232 123 268 156 δὲ
291 124 345 156 καὶ
371 125 387 157 ὁ
412 127 583 166 προφήτης
611 125 793 165 ἀπέθανεν,
822 124 905 165 ἀνὴρ
935 123 987 156 ἐπὶ
1014 124 1136 155 δικαιο-

124 179 207 219 σύνῃ
240 178 415 219 διαβόητος
446 178 500 210 καὶ
534 184 686 219 φανερῶς
720 176 946 215 σπουδασθεὶς
982 177 1045 208 ὑπὸ
1078 181 1137 208 τοῦ

126 234 219 262 θεοῦ·
243 232 419 272 θαυμαστὰ
443 232 505 271 γὰρ
525 230 578 262 καὶ
598 231 766 272 παράδοξα
786 231 841 262 διὰ
861 234 918 270 τῆς
936 231 1138 271 προφητείας

124 282 309 321 ἐπεδείξατο
325 284 415 325 ἔργα,
430 283 483 315 καὶ
499 285 626 324 μνήμης
641 287 790 324 λαμπρᾶς
800 283 888 324 παρὰ
898 287 967 320 τοῖς
974 281 1138 323 Ἑβραίοις

97 335 316 374 εάξιωθέντα.
367 337 459 377 ἔτυχε
489 335 525 368 δὲ
552 335 607 368 καὶ
635 341 742 377 ταφῆς
770 339 1053 377 μεγαλοπρεποῦς,
1083 334 1137 366 καὶ

124 389 195 426 οἵας
224 390 310 426 εἰκὸς
338 386 380 429 ἦν
403 390 462 421 τὸν
490 389 576 421 οὕτω
604 392 747 431 θεοφιλῆ
777 391 981 430 μεταλαβεῖν.
1027 388 1136 428 <183>

124 441 246 482 συνέβη
272 440 308 473 δὲ
331 443 389 473 καί
409 453 501 482 ποτε,
531 445 659 483 λῃστῶν
683 448 784 474 τινῶν
812 442 982 484 ῥιψάντων
1009 442 1056 478 εἰς
1079 442 1137 472 τὸν

122 494 308 526 Ἐλισσαίου
332 495 439 535 τάφον
464 495 503 527 ὃν
528 492 611 536 ἦσαν
635 495 843 537 ἀνῃρηκότες,
869 496 928 526 τὸν
951 494 1070 536 νεκρὸν
1093 498 1138 536 τῷ

125 548 248 589 σώματι
273 548 375 579 αὐτοῦ
399 547 691 589 προσκολληθέντα
715 548 978 588 ἀναζωπυρῆσαι.

84 612 109 630 10
190 599 244 632 καὶ
269 602 307 632 τὰ
331 599 392 642 μὲν
415 600 489 642 περὶ
511 599 698 633 Ἐλισσαίου
722 605 780 632 τοῦ
804 601 988 641 προφήτου,
1013 601 1076 637 ζῶν
1100 599 1135 631 θ’

124 653 184 684 ὅσα
212 659 347 694 προεῖπε
376 653 429 685 καὶ
458 654 502 691 ὡς
530 655 609 695 μετὰ
642 655 702 694 τὴν
731 654 886 693 τελευτὴν
919 654 966 684 ε”τι
995 653 1138 694 δύναμιν

124 703 189 746 εἶχε
212 707 321 745 θείαν,
348 707 407 746 ἤδη
431 707 674 748 δεδηλώκαμεν·
700 707 809 747 <184>
829 707 1083 746 τελευτήσαντος
1102 703 1137 736 δὲ
1158 715 1172 737 7

125 763 183 790 τοῦ
208 760 331 800 Σύρων
358 759 518 800 βασιλέως
539 759 709 800 Ἀζαήλου,
739 760 785 797 εἰς
804 758 950 790 ’Ἀδαδον
977 759 1036 789 τὸν
1063 759 1139 789 υἱὸν

125 810 227 843 αὐτοῦ
248 811 268 852 ἡ
289 814 438 852 βασιλεία
458 814 684 853 παραγίνεται,
707 813 789 854 πρὸς
809 812 848 843 ὃν
868 811 1025 843 συνάπτει
1044 812 1138 842 πόλε-

86 875 108 893 15
124 876 187 904 μον
214 863 343 902 Ἰώασος
375 866 392 896 ὁ
426 871 491 897 τῶν
521 864 731 906 Ἰσραηλιτῶν
764 865 932 906 βασιλεύς,
964 863 1019 895 καὶ
1051 862 1138 905 τρισὶ

124 917 242 957 μάχαις
262 918 396 956 νικήσας
415 917 516 949 αὐτὸν
536 917 689 958 ἀφείλετο
712 917 772 957 τὴν
791 918 902 958 χώραν
921 917 1061 957 ἅπασαν,
1084 915 1138 947 καὶ

125 969 202 1006 ὅσας
230 969 247 1001 ὁ
276 970 382 1011 πατὴρ
410 970 513 1002 αὐτοῦ
539 969 690 1010 Ἀζάηλος
717 971 828 1007 πόλεις
861 968 915 1001 καὶ
943 970 1053 1010 κώμας
1082 974 1140 1009 τῆς

122 1020 332 1063 Ἰσραηλιτῶν
347 1025 514 1064 βασιλείας
529 1022 702 1064 παρέλαβε.
740 1027 836 1055 τοῦτο
857 1022 968 1064 μέντοι
982 1022 1064 1053 κατὰ
1078 1022 1139 1062 τὴν

123 1073 308 1107 Ἐλισσαίου
331 1077 536 1117 προφητείαν
559 1075 696 1116 ἐγένετο.
738 1076 846 1117 (185)
871 1074 940 1107 ἐπεὶ
961 1073 997 1106 δὲ
1017 1073 1138 1115 συνέβη

85 1138 110 1157 20
124 1126 177 1159 καὶ
200 1127 333 1160 Ἰώασον
357 1128 552 1169 ἀποθανεῖν,
576 1128 593 1160 ὃ
618 1127 678 1170 μὲν
703 1128 738 1160 ἐν
761 1130 933 1170 Σαμαρείᾳ
956 1127 1139 1168 κηδεύεται,

125 1183 249 1221 καθῆκε
275 1180 305 1212 δ’
333 1182 379 1219 είς
398 1180 608 1223 Ἱεροβόαμον
632 1183 690 1213 τὸν
715 1181 792 1213 υἱὸν
816 1181 918 1212 αὐτοῦ
944 1181 961 1221 ἡ
986 1180 1078 1222 ἀρχή.

192 1234 299 1274 <186>
328 1233 469 1278 δευτέρῳ
495 1233 525 1265 δ’
552 1235 615 1265 ἔτει
640 1239 696 1275 τῆς
717 1233 851 1266 Ἰωάσου
878 1235 1045 1275 βασιλείας
1073 1238 1139 1264 τῶν
1158 1234 1177 1264 9

123 1285 343 1327 Ἰσραηλιτῶν,
365 1286 576 1328 ἐβασίλευσεν
593 1286 747 1328 Ἀμασίας
766 1292 823 1328 τῆς
839 1286 947 1318 Ἰούδα
971 1289 1079 1327 φυλῆς
1104 1286 1139 1317 ἐν

122 1337 375 1380 Ἱεροσολύμοις,
399 1341 520 1381 μητρὸς
544 1340 591 1371 ὢν
612 1339 767 1380 Ἰωδαδῆς
790 1340 947 1380 τοῦνομα,
970 1339 1139 1376 πολίτιδος

85 1401 109 1420 25
126 1389 162 1422 δὲ
182 1393 218 1422 τὸ
243 1391 346 1432 γένος.
384 1396 585 1434 θαυμαστῶς
608 1391 644 1424 δὲ
664 1397 722 1424 τοῦ
743 1393 874 1424 δικαίου
893 1394 1061 1434 προυνόει,
1085 1390 1139 1423 καὶ

125 1449 226 1476 ταῦτα
257 1443 328 1483 νέος
357 1446 412 1476 ὥν.
459 1446 637 1487 παρελθὼν
669 1444 698 1476 δ’
731 1444 783 1477 ε’πὶ
814 1446 852 1477 τὰ
882 1445 1056 1486 πράγματα
1084 1443 1139 1476 καὶ

124 1498 184 1537 τὴν
217 1497 321 1538 ἀρχὴν
355 1500 438 1538 ἔγνω
470 1499 542 1529 δεῖν
574 1503 706 1538 πρῶτον
731 1497 850 1541 Ἰωάσῳ
880 1502 1062 1540 τιμωρῆσαι
1095 1502 1138 1540 τῷ

125 1549 222 1590 πατρὶ
260 1550 313 1581 καὶ
348 1553 424 1588 τοὺς
457 1550 674 1592 ἐπιθεμένους
711 1550 798 1594 αὐτῷ
836 1552 957 1592 φίλους
992 1551 1139 1582 κολάσαι.

125 1603 241 1644 <18Τ>
269 1602 323 1634 καὶ
352 1605 488 1641 τούτους
512 1603 572 1645 μὲν
596 1605 770 1644 συλλαβὼν
799 1604 944 1641 ἅπαντας
970 1603 1139 1645 ἐφόνευσε,

198 1675 212 1704 ξ
229 1675 278 1699 182
291 1686 323 1695 =
335 1675 350 1698 4
366 1672 434 1706 Reg.
449 1673 512 1699 xm
528 1676 569 1700 20.
644 1676 658 1705 ξ
677 1676 725 1700 186
738 1686 770 1695 =
781 1676 797 1699 4
812 1673 880 1707 Reg.
895 1673 959 1699 XIV
972 1676 999 1704 1;
1019 1676 1034 1698 2
1047 1672 1138 1698 Paral.

126 1715 202 1741 XXV
218 1719 240 1742 1.
