1261 1917
73 640 98 658 10

74 904 97 923 15

75 1696 101 1715 30

547 69 691 94 AEKATH
1060 66 1123 96 361

113 151 191 182 ὅταν
220 151 441 192 σημαινούσης
469 149 634 181 ἀκούσωσι
664 153 720 189 τῆς
749 148 943 188 σάλπιγγος,
972 148 1044 179 τότε
1072 158 1126 178 πε-

113 205 230 241 σόντας
249 208 449 244 προσκυνεῖν
468 203 526 234 τὸν
546 201 740 243 ἀνδριάντα
762 202 838 238 τοὺς
858 199 893 232 δὲ
912 201 955 242 μὴ
970 201 1127 240 ποιήσαν-

112 269 169 294 τας
194 256 367 296 ἠπείλησεν
387 257 434 293 είς
453 256 513 296 τὴν
532 260 591 287 τοῦ
619 256 723 295 πυρὸς
744 254 1015 295 ἐμβληθήσεσθαι
1034 254 1128 295 κάμια

114 322 181 341 νον.
215 309 322 350 <214>
338 309 472 340 πάντων
487 306 548 340 οὖν
563 308 642 349 μετὰ
658 308 693 339 τὸ
710 308 934 348 σημαινούσης
949 307 1127 338 ἐπακοῦσαι

112 367 169 403 τῆς
201 362 380 402 σάλπιγγος
412 361 693 402 προσκυνούντων
725 362 784 392 τὸν
817 360 1013 400 ἀνδριάντα,
1051 362 1129 397 τοὺς

111 416 283 455 Δανιήλου
307 421 478 455 συγγενεῖς
502 415 542 446 οὐ
565 419 700 455 ποιῆσαι
730 415 827 445 τοῦτό
857 421 954 454 φασι,
983 413 1025 453 μὴ
1050 415 1128 453 βου-

112 467 274 509 ληθέντας
293 470 481 509 παραβῆναι
499 469 576 505 τοὺς
595 469 754 508 πατρίους
774 468 906 508 νόμους.
943 465 997 497 καὶ
1017 467 1052 497 οἳ
1068 464 1129 506 μὲν

112 521 324 563 ἐλεγχθέντες
347 520 473 558 εὐθέως
497 522 543 558 εἰς
567 522 603 552 τὸ
627 525 693 561 πῦρ
719 519 940 561 ἐμβληθέντες
965 521 1043 560 θείᾳ
1067 519 1129 549 σώ-

113 576 221 612 ζονται
245 576 386 616 προνοίᾳ
409 573 463 605 καὶ
486 574 679 614 παραδόξως
703 574 923 613 διαφεύγουσι
945 573 1004 603 τὸν
1023 572 1128 603 θάνα-

112 637 182 659 τον·
208 629 324 667 (215)
348 627 388 659 οὐ
412 628 474 668 γὰρ
498 627 604 667 ἥψατο
633 627 670 658 τὸ
694 631 760 667 πῦρ
785 625 911 663 αὐτῶν,
942 625 1024 656 ἀλλὰ
1048 625 1128 656 κατὰ

112 681 282 721 λογισμόν,
306 678 407 721 οἶμαι,
431 684 490 711 τοῦ
515 678 618 721 μηδὲν
642 679 862 719 ἀδικήσαντας
885 679 931 716 εἰς
951 678 1030 709 αὐτὸ
1051 679 1129 718 βλη-

112 736 214 773 θῆναι
239 733 298 774 οὐχ
318 733 434 773 ἥψατο,
458 735 565 764 καίειν
585 731 614 763 δ’
637 730 778 769 ἀσθενὲς
802 729 843 772 ’ἦν
864 732 939 772 ἕχον
964 731 1000 762 ἐν
1024 730 1128 774 ἑαυτῷ

112 787 189 823 τοὺς
216 787 351 827 παῖδας,
384 791 442 817 τοῦ
471 789 554 817 θεοῦ
588 787 758 827 κρείττονα
787 786 825 816 τὰ
855 783 976 825 σώματ’
1008 784 1129 823 αὐτῶν,

113 839 193 870 ὥστε
218 839 261 880 μὴ
286 840 521 879 δαπανηθῆναι
546 839 609 870 ὑπὸ
638 843 697 869 τοῦ
719 839 838 879 πυρός,
867 837 1130 868 κατασκευάσαψ

113 903 175 929 τος.
215 897 311 923 τοῦτο
337 891 537 932 συνέστησεν
556 891 677 928 αὐτοὺς
700 895 744 933 τῷ
769 892 899 931 βασιλεῖ
917 890 961 926 ὡς
981 890 1130 927 δικαίους

112 943 165 976 καὶ
191 947 374 985 θεοφιλεῖς·
404 945 456 975 διὸ
481 944 559 985 μετὰ
584 948 686 975 ταῦτα
709 943 815 983 πάσης
838 942 1026 984 ἀξιούμενοι
1050 941 1126 983 παρ’

112 997 214 1029 αὐτοῦ
238 1002 333 1038 τιμῆς
358 996 536 1028 διετέλουν.

178 1051 286 1091 <216>
320 1051 420 1093 ὀλίγῳ
454 1049 484 1081 δ’
515 1050 655 1090 ὕστερον
687 1050 795 1092 χρόνῳ
827 1049 927 1080 πάλιν
960 1049 1021 1090 ὁρᾷ
1049 1049 1129 1080 κατὰ
1156 1060 1163 1067 ¹

113 1105 190 1141 τοὺς
214 1103 340 1140 ὕπνους
363 1103 380 1135 ὁ
405 1104 560 1144 βασιλεὺς
583 1104 662 1139 ὄψιν
687 1101 812 1143 ἑτέραν,
837 1102 881 1138 ὡς
905 1101 1051 1133 ἐκπεσὼν
1072 1107 1130 1142 τῆς

74 1169 83 1187 2
113 1156 214 1197 ἀρχῆς
237 1157 316 1197 μετὰ
340 1158 472 1197 θηρίων
495 1155 558 1193 ἕξει
582 1155 643 1195 τὴν
667 1155 799 1186 δίαιταν
822 1153 877 1186 καὶ
897 1155 1051 1194 διαζήσας
1075 1155 1130 1186 οὕ-

113 1221 176 1247 τως
200 1209 251 1241 ἐπὶ
272 1214 329 1250 τῆς
348 1209 483 1250 ἐρημίας
502 1210 609 1240 ἔτεσιν
629 1207 707 1239 ἑπτὰ
727 1205 828 1244 αὖθις
848 1208 908 1248 τὴν
927 1207 1032 1248 ἀρχὴν
1051 1207 1130 1238 ἀπο-

114 1264 260 1303 λήψεται.
298 1267 394 1294 τοῦτο
412 1262 618 1303 θεασάμενος
637 1258 770 1301 τοῦναρ,
790 1260 890 1292 πάλιν
908 1262 986 1298 τοὺς
1005 1260 1131 1302 μάγους

114 1315 317 1356 συγκαλέσας
345 1314 518 1355 ἀνέκρινεν
542 1314 662 1351 αὐτοὺς
690 1312 764 1355 περὶ
794 1313 912 1353 αὐτοῦ,
940 1312 993 1344 καὶ
1020 1315 1054 1344 τί
1076 1322 1131 1353 ση-

115 1371 226 1410 μαίνοι
247 1367 355 1408 λέγειν
377 1367 478 1407 ἠξίου.
516 1368 624 1408 <21ῖ>
644 1372 711 1398 τῶν
731 1364 791 1407 μὲν
811 1364 872 1397 οὖν
891 1367 1002 1397 ἄλλων
1021 1365 1132 1403 οὐδεὶς

74 1446 84 1452 .
115 1422 263 1461 ἐδυνήθη
288 1421 348 1461 τὴν
368 1420 572 1451 τούνυπνίου
592 1420 744 1451 διάνοιαν
769 1420 879 1460 εὑρεῖν
899 1418 970 1450 οὐδ’
994 1418 1131 1460 ἐμφανί-

115 1484 169 1506 σαι
193 1479 237 1518 τῷ
262 1476 404 1515 βασιλεῖ,
434 1476 603 1514 Δανιῆλος
630 1471 667 1504 δὲ
695 1474 796 1514 μόνος
819 1471 873 1503 καὶ
898 1470 986 1503 τοῦτ’
1014 1473 1132 1513 ἔκρινε,

115 1527 169 1560 καὶ
192 1528 306 1564 καθὼς
330 1524 427 1564 οὗτος
446 1526 533 1568 αὐτῷ
553 1531 710 1567 προεῖπεν
732 1524 848 1566 ἀπέβη·
874 1525 1049 1567 διατρίψας
1068 1526 1130 1566 γὰρ

116 1580 167 1612 ἐπὶ
202 1585 258 1621 τῆς
291 1579 426 1621 ἐρημίας
459 1580 517 1611 τὸν
550 1577 790 1620 προειρημένον
822 1579 961 1619 χρόνον,
995 1578 1132 1615 οὐδενὸς

116 1634 339 1674 τολμήσαντος
363 1631 541 1664 ἐπιθέσθαι
565 1638 635 1669 τοῖς
655 1631 822 1672 πράγμασι
846 1632 934 1672 παρὰ
958 1631 1018 1672 τὴν
1043 1630 1132 1662 ἑπτε-

117 1689 201 1723 τίαν,
226 1685 358 1726 δεηθεὶς
382 1690 440 1717 τοῦ
460 1689 543 1717 θεοῦ
563 1685 623 1725 τὴν
643 1686 813 1725 βασιλείαν
833 1684 1013 1725 ἀπολαβεῖν
1032 1684 1132 1716 πάλιν

189 1749 203 1777 ξ
219 1749 270 1771 214
287 1758 318 1767 =
334 1745 404 1771 Dan.
419 1746 458 1771 HI
474 1748 514 1771 12.
