1261 1917
91 953 116 971 10

464 387 629 419 ΒΙΒΛΟΣ
654 386 807 419 ΟΓΔΟΗ.

196 468 258 507 <1>
283 466 364 508 Περὶ
391 465 451 508 μὲν
475 465 536 498 οὖν
560 468 712 499 Δαυίδου
736 466 789 498 καὶ
814 471 870 507 τῆς
889 466 1006 507 ἀρετῆς
1029 466 1142 505 αὐτοῦ,
1160 467 1176 497 1

129 519 182 551 καὶ
216 520 303 551 ὅσων
335 519 474 560 ἀγαθῶν
507 523 612 558 αἴτιος
648 522 824 561 γενόμενος
860 526 929 557 τοῖς
961 520 1143 561 ὁμοφύλοις

129 572 292 614 πολέμους
306 584 339 604 τε
355 572 406 604 καὶ
424 573 528 614 μάχας
543 574 621 611 ὅσας
635 574 849 615 κατορθώσας
868 574 1003 615 γηραιὸς
1018 573 1142 604 ἐτελεύ-

130 635 237 666 τησεν,
253 625 289 657 ἐν
304 630 341 667 τῇ
357 627 419 667 πρὸ
435 627 554 667 ταύτης
568 629 671 670 βίβλῳ
688 628 927 668 δεδηλώκαμεν.
963 627 1026 666 <2>
1038 629 1142 657 Σολο-

103 684 238 719 τμῶνος
271 677 306 710 δὲ
340 683 398 710 τοῦ
431 680 549 717 παιδὸς
581 680 698 718 αὐτοῦ,
731 679 809 711 νεόυ
842 680 902 720 τὴν
936 679 1066 720 ἡλικίαν
1096 678 1140 710 ἔτ’

131 733 239 771 ὄντος,
268 732 328 772 τὴν
351 734 522 773 βασιλείαν
545 735 808 774 παραλαβόντος,
837 733 876 764 ὃν
904 734 951 764 ε”τι
981 734 1044 771 ζῶν
1068 731 1143 764 (ἔπε’-

131 796 214 824 φηνε
239 790 298 816 τοῦ
322 788 403 816 λαοῦ
428 786 590 826 δεσπότην
610 787 689 817 κατὰ
709 787 769 827 τὴν
788 791 848 817 τοῦ
867 789 950 817 θεοῦ
973 787 1143 827 βούλησιν,

131 839 345 876 [καθίσαντος
374 837 425 870 ἐπὶ
453 840 511 870 τὸν
539 840 680 880 θρόνον]
711 839 728 871 ὁ
757 837 817 880 μὲν
840 844 902 876 πᾶς
926 840 1022 880 ὄχλος
1050 838 1143 869 ἐπευ-

130 891 290 931 φήμησεν,
315 886 387 922 οἷον
411 892 497 928 εἰκὸς
521 890 570 922 ἐπ’
597 891 766 935 ἀρχομένῳ
790 894 928 932 βασιλεῖ,
952 894 1142 932 τελευτῆσαι

129 946 235 980 καλῶς
258 943 345 986 αὐτῷ
370 944 408 975 τὰ
431 944 619 985 πράγματα,
647 943 700 975 καὶ
729 945 811 986 πρὸς
835 949 937 986 γῆρας
962 943 1142 985 ἀφικέσθαι

129 997 269 1036 λιπαρὸν
287 995 338 1027 καὶ
359 997 587 1038 πανεύδαιμον
608 998 668 1038 τὴν
687 997 879 1039 ἡγεμονίαν·
904 998 967 1038 <ἷῖ>
985 996 1143 1034 Ἀδωνίας

129 1047 172 1084 δ’,
197 1049 232 1086 ὃς
253 1048 306 1080 καὶ
327 1054 385 1081 τοῦ
404 1051 527 1091 πατρὸς
547 1052 592 1082 ἔτι
614 1052 733 1089 ζῶντος
753 1050 939 1092 ἐπεχείρησε
959 1051 1019 1091 τὴν
1038 1050 1143 1092 ἀρχὴν

129 1108 316 1143 κατασχεῖν,
344 1104 522 1144 παρελθὼν
549 1105 631 1145 πρὸς
659 1104 719 1144 τὴν
747 1108 806 1135 τοῦ
835 1103 995 1145 βασιλέως
1021 1103 1143 1145 μητέρα

132 1155 319 1196 Βεερσαβὴν
343 1154 395 1187 καὶ
416 1159 632 1199 φιλοφρόνως
651 1157 755 1197 αὐτὴν
774 1157 1013 1198 ἀσπασάμενος,
1037 1161 1143 1188 πυθο-

105 1217 113 1222 ’
130 1206 229 1248 μένης
253 1209 283 1239 εἰ
305 1207 357 1239 καὶ
383 1209 437 1240 διὰ
461 1212 573 1251 χρείαν
597 1211 671 1242 τινὰ
694 1211 776 1252 πρὸς
796 1211 900 1251 αὐτὴν
918 1210 1065 1251 ἀφῖκται,
1088 1209 1143 1241 καὶ

131 1260 255 1300 δηλοῦν
278 1263 475 1303 κελευούσης
498 1263 542 1300 ὡς
566 1263 668 1304 ἡδέως
691 1263 922 1306 παρεξομένης,
949 1263 1067 1305 ἤρξατο
1092 1263 1143 1295 λε’-

131 1325 202 1353 γειν
230 1315 302 1354 <4>
331 1315 380 1346 ὅτι
410 1316 561 1355 γινώσκει
591 1315 651 1357 μὲν
683 1317 744 1357 τὴν
775 1318 946 1358 βασιλείαν
978 1316 1031 1348 καὶ
1061 1317 1142 1357 αὐτὴ

130 1365 183 1397 καὶ
208 1367 262 1398 διὰ
286 1367 346 1408 τὴν
369 1367 500 1408 ἡλικίαν
526 1368 580 1400 καὶ
605 1370 659 1401 διὰ
683 1370 743 1410 τὴν
770 1374 830 1401 τοῦ
853 1370 1005 1409 πλήθους
1028 1371 1143 1411 προαί-

131 1427 223 1460 ρεσιν
247 1417 351 1451 οὖσαν
371 1421 484 1461 αὐτοῦ,
508 1422 691 1463 μεταβάσης
715 1420 751 1453 δὲ
775 1423 857 1464 πρὸς
876 1425 1061 1464 Σολομῶνα
1085 1423 1144 1454 τὸν

132 1473 206 1504 υἶὸν
235 1473 335 1514 αὐτῆς
363 1475 443 1505 κατὰ
471 1475 532 1515 τὴν
560 1479 619 1506 τοῦ
647 1479 730 1507 θεοῦ
764 1476 899 1516 γνώμην
931 1475 1058 1517 στέργει
1089 1474 1144 1507 καὶ

131 1525 239 1568 ἀγαπᾷ
255 1526 314 1566 τὴν
334 1525 388 1558 ὑπ’
406 1527 494 1570 αὐτῷ
514 1528 671 1559 δουλείαν
690 1527 741 1559 καὶ
764 1535 831 1566 τοῖς
848 1533 1012 1570 παροῦσιν
1032 1529 1143 1569 ’ἥδεται

131 1579 327 1620 πράγμασιν.
375 1580 446 1620 <5>
475 1580 579 1612 ἐδεῖτο
609 1580 639 1612 δ’
666 1578 727 1612 οὖν
754 1582 948 1622 διακονῆσαι
975 1583 1058 1622 πρὸς
1086 1583 1144 1613 τὸν

132 1631 278 1673 ἀδελφὸν
301 1633 404 1676 αὐτῷ,
432 1633 486 1664 καὶ
514 1640 622 1665 πεῖσαι
648 1635 766 1666 δοῦναι
790 1635 850 1675 τὴν
874 1639 917 1678 τῷ
943 1634 1040 1677 πατρὶ
1066 1645 1143 1675 συγ-

132 1685 338 1727 κοιμωμένην
361 1687 444 1727 πρὸς
469 1687 574 1728 γάμον
598 1687 685 1731 αὐτῷ
703 1687 889 1729 Ἀβισάκην·
914 1689 954 1720 οὐ
978 1689 1039 1730 γὰρ
1064 1691 1143 1728 πλη-

203 1748 217 1777 ἓ
234 1749 245 1771 1
269 1759 300 1768 =
321 1749 335 1771 3
356 1746 424 1780 Reg.
443 1747 525 1773 1112.

1163 1008 1179 1030 w
