1261 1917
515 55 639 80 OFAOH
1019 53 1081 84 231

71 136 158 166 ἅπαν
171 135 207 166 τὸ
219 133 429 175 Ἱεροβοάμου
444 133 539 174 γένος
554 134 735 175 διέφθειρε.
768 134 876 175 (289)
890 133 944 166 καὶ
960 133 1083 176 συνέβη

70 188 150 219 κατὰ
173 187 233 227 τὴν
256 191 315 218 τοῦ
339 191 422 219 θεοῦ
445 189 651 228 προφητείαν
679 189 756 224 τοὺς
784 186 844 228 μὲν
869 187 904 218 ἐν
928 192 965 228 τῆ
990 189 1083 219 πόλει

69 246 135 272 τῶν
164 239 374 281 Ἱεροβοάμου
407 246 578 280 συγγενῶν
611 240 843 277 ἀποθανόντας
875 241 939 272 ὑπὸ
973 247 1084 272 κυνῶν

70 296 301 334 σπαραχθῆναι
326 292 377 324 καὶ
404 294 650 334 δαπανηθῆναι,
674 294 751 330 τοὺς
773 292 802 324 δ’
826 292 862 325 ἐν
881 299 950 330 τοῖς
969 293 1084 334 ἀγροῖς

43 355 56 374 5
70 345 125 378 ὑπ’
152 346 310 386 ὀρνίθων.

137 400 252 439 (290)
281 399 298 431 ὁ
327 397 387 440 μὲν
415 397 476 430 οὖν
496 398 706 441 Ἱεροβοάμου
735 397 825 437 οἶκος
852 404 910 440 τῆς
933 399 1084 441 ἀσεβείας

70 452 171 483 αὐτοῦ
194 452 249 483 καὶ
273 458 339 484 τῶν
363 452 582 493 ἀνομημάτων
607 453 702 490 ἀξίαν
725 452 844 494 ὑπέσχε
870 453 978 493 δίκην·
1004 453 1021 485 ὁ
1047 451 1082 484 δὲ
1096 456 1136 486 12

69 511 135 536 τῶν
150 504 386 546 Ἱεροσολύμων
405 507 560 546 βασιλεὺς
572 505 713 543 ’Ἄσανος
732 504 773 546 ἧν
792 507 851 537 τὸν
871 507 993 547 τρόπον
1013 507 1083 546 ἀρι-

69 567 145 596 στος
167 557 220 590 καὶ
245 560 327 599 πρὸς
345 560 381 590 τὸ
401 562 498 590 θεῖον
518 559 665 599 ἀφορῶν,
689 558 743 590 καὶ
763 558 866 600 μηδὲν
885 560 964 600 μήτε
983 560 1084 600 πράτ-

30 623 54 642 ιο
68 623 133 642 των
152 610 224 652 μήτ’
244 611 460 653 ἐννοούμενος
479 612 496 643 ὃ
517 612 559 653 μὴ
578 613 660 653 πρὸς
680 612 739 652 τὴν
760 611 930 653 εὐσέβειαν
946 610 1009 653 εἶχε
1029 611 1083 644 καὶ

67 664 127 704 τὴν
151 670 217 695 τῶν
238 666 385 705 νομίμων
404 665 557 705 φυλακὴν
579 665 639 704 τὴν
658 665 841 706 ἀναφοράν.
882 667 1083 706 κατώρθωσε

68 715 104 748 δὲ
128 717 188 756 τὴν
212 717 313 748 αὑτοῦ
338 719 518 757 βασιλείαν,
543 717 683 755 ἐκκόψας
707 721 739 749 εἴ
759 730 789 749 τι
814 719 962 759 πονηρὸν
985 716 1027 759 ἧν
1047 718 1083 750 ἐν

67 770 160 810 αὐτῇ,
179 769 233 800 καὶ
253 771 462 811 καθαρεύσας
481 770 607 811 ἀπάσης
625 771 768 811 κηλῖδος.
810 771 919 810 <291>
940 775 1082 812 στρατοῦ

67 821 97 853 δ’
130 820 216 863 εἶχεν
245 822 422 854 ἐπιλέκτων
451 823 598 864 ἀνδρῶν,
632 823 848 864 ὡπλισμένων
881 827 994 866 θυρεῷ
1027 823 1081 855 καὶ

28 887 52 906 15
67 875 278 917 σειρομάστῃ,
308 875 342 907 ἐκ
370 874 431 916 μὲν
458 881 516 917 τῆς
538 875 645 908 Ἰούδα
673 879 782 917 φυλῆς
805 876 969 917 μυριάδας
992 877 1082 917 τριά-

66 939 175 965 κοντα,
200 928 234 960 ἐκ
259 927 294 960 δὲ
314 934 372 970 τῆς
390 930 622 970 Βενιαμίτιδος
645 929 785 966 ἀσπίδας
809 930 1007 971 φορούντων
1026 929 1081 961 καὶ

66 981 208 1019 τοξοτῶν
231 982 394 1023 μυριάδας
413 982 508 1014 πέντε
532 981 586 1013 καὶ
607 985 719 1014 εἴκοσι.
761 983 868 1023 <292>
887 983 950 1023 ἤδη
971 981 1000 1013 δ’
1023 983 1082 1014 αὐ-

66 1039 124 1066 τοῦ
153 1033 220 1066 δέκ’
247 1036 300 1075 ε”τη
329 1036 563 1076 βασιλεύοντος
591 1037 758 1076 στρατεύει
788 1036 912 1076 μεγάλῃ
942 1036 1081 1077 δυνάμει

68 1089 210 1129 Ζαραῖος
235 1087 284 1119 ἐπ’
311 1088 422 1128 αὐτόν,
447 1088 464 1120 ὁ
488 1093 546 1129 τῆς
569 1089 752 1126 Αἰθιοπίας
776 1089 945 1129 βασιλεύς,
971 1088 1082 1129 ἐνενή-

27 1151 52 1171 20
66 1152 165 1172 κοντα
185 1139 245 1182 μὲν
264 1143 369 1179 πεζῶν
389 1141 557 1182 μυριάσιν,
577 1141 703 1173 ἶππέων
721 1140 757 1173 δὲ
772 1141 861 1181 δέκα,
880 1144 1082 1182 τριακοσίοις

0 1190 1 1194 “
67 1192 96 1224 δ’
123 1194 253 1235 ἅρμασι.
300 1193 353 1225 καὶ
379 1194 471 1235 με’χρι
496 1196 621 1232 πόλεως
641 1197 818 1236 λΜαρίσσης
842 1195 925 1236 (ἔστι
945 1194 975 1226 δ’
998 1195 1080 1235 αὕτη

65 1251 123 1286 τῆς
144 1246 250 1278 Ἰούδα
279 1248 399 1287 φυλῆς)
428 1247 607 1285 ἐλάσαντος
634 1248 737 1279 αὐτοῦ
765 1249 844 1289 μετὰ
873 1253 930 1289 τῆς
958 1249 1082 1285 οἰκείας

67 1299 238 1340 δυνάμεως
252 1300 436 1340 ἀπήντησεν
451 1300 605 1338 ’Ἄσανος
625 1302 734 1341 (293)
750 1300 804 1332 καὶ
820 1301 1082 1342 ἀντιπαρατάξας

67 1352 154 1395 αὐτῷ
178 1353 238 1393 τὴν
262 1354 418 1394 στρατιὰν
442 1355 478 1384 ἕν
501 1366 566 1385 τινι
591 1354 736 1394 φάραγγι
759 1355 886 1395 Σαφθὰ
911 1354 1081 1396 λεγομένῃ,

27 1415 52 1435 2⁵
66 1410 123 1445 τῆς
146 1407 272 1443 πόλεως
296 1406 355 1437 οὐκ
379 1407 526 1443 ἄπωθεν,
550 1406 594 1443 ὡς
614 1407 742 1438 κατεῖδε
762 1408 797 1438 τὸ
817 1412 884 1438 τῶν
904 1408 1082 1439 Αἰθιόπων

66 1460 205 1498 πλῆθος,
229 1459 417 1499 ἀναβοήσας
440 1461 536 1499 νίκην
561 1458 628 1500 ᾔτει
647 1460 735 1501 παρὰ
754 1464 813 1491 τοῦ
832 1463 926 1499 θεοῦ,
950 1459 1003 1491 καὶ
1024 1461 1082 1498 τὰς

66 1512 188 1549 πολλὰς
212 1511 298 1543 ἑλεῖν
322 1512 486 1552 μυριάδας
509 1518 575 1544 τῶν
599 1514 777 1554 πολεμίων·
802 1511 880 1544 οὐδὲ
906 1513 967 1554 γὰρ
991 1514 1080 1556 ἄλλῳ

66 1563 129 1595 τινὶ
154 1566 326 1606 θαρρήσας
351 1567 461 1605 ἔλεγεν
485 1565 504 1605 ἢ
524 1570 561 1607 τῇ
581 1564 658 1606 παρ’
681 1565 784 1597 αὐτοῦ
804 1568 954 1608 βοηθείᾳ,
980 1567 1081 1598 δυνα-

67 1615 148 1657 μένῃ
179 1616 231 1648 καὶ
264 1619 342 1655 τοὺς
375 1618 509 1658 ὀλίγους
536 1618 787 1659 ἀπεργάσασθαι
817 1620 986 1660 κρείττους
1013 1625 1081 1651 τῶν

27 1678 53 1698 so
66 1671 229 1701 πλειόνων
256 1669 309 1701 καὶ
334 1672 410 1708 τοὺς
439 1671 593 1709 ἀσθενεῖς
615 1677 683 1703 τῶν
707 1672 949 1713 ὑπερεχόντων,
977 1673 1081 1704 ἀπαν-

137 1733 151 1762 ἓ
166 1733 215 1756 ’289
236 1744 269 1752 =
289 1734 303 1757 3
319 1731 388 1765 Κεὶς.
403 1731 453 1757 XV
468 1735 509 1758 29.
584 1735 598 1762 ‚S
615 1735 665 1759 290
686 1746 719 1754 =
739 1735 754 1758 2
770 1733 860 1759 Paral.
876 1733 940 1758 XIV
958 1736 979 1760 1,
