1261 1917
188 56 252 88 296
555 59 824 84 ΑΡΧΑΙΟΛΟΓῙΑΣ

153 149 168 171 6
255 137 363 177 <177>
387 138 464 178 μετὰ
489 136 525 169 δὲ
549 138 608 178 τὴν
624 137 753 176 Ἰωάζου
777 139 930 178 τελευτὴν
953 137 1115 180 ἐκδέχεται
1134 139 1194 179 τὴν

189 189 292 230 ἀρχὴν
320 189 337 221 ὁ
361 190 433 227 υίὸς
458 190 560 222 αὐτοῦ
582 189 720 228 Ἰώασος.
765 191 907 232 ἕβδομον
934 192 996 231 ἤδη
1024 191 1078 222 καὶ
1105 203 1193 232 τρια-
1245 193 1257 222 :i

188 243 306 274 κοστὸν
337 244 407 280 ἔτος
434 244 666 283 βασιλεύοντος
691 242 824 275 Ἰωάσου
856 248 913 284 τῆς
938 242 1043 274 Ἰούδα
1076 246 1194 284 φυλῆς,

188 294 351 336 παρέλαβε
373 295 433 335 τὴν
456 295 559 336 ἀρχὴν
578 293 674 333 οὗτος
697 296 714 327 ὁ
731 295 860 333 Ἰώασος
884 296 919 328 ἐν
939 297 1109 338 Σαμαρείᾳ
1127 302 1193 328 τῶν

186 346 394 389 Ἰσραηλιτῶν
418 347 486 390 (καὶ
510 349 571 390 γὰρ
594 347 648 379 καὶ
673 349 769 386 αὐτὸς
792 349 852 389 τὴν
876 349 978 389 αὐτὴν
1006 346 1071 389 εἶχε
1094 357 1193 389 προσ·
1207 360 1220 379 5

188 402 327 441 ηγορίαν
350 405 394 443 τῷ
418 406 484 432 τῶν
504 400 771 442 Ἱεροσολυμιτῶν
790 401 943 443 βασιλεῖ),
965 400 1020 433 καὶ
1040 401 1195 442 κατέσχεν

189 452 293 492 αὐτὴν
312 454 418 484 ἔτεσιν
437 452 615 484 ἑκκαίδεκα.
647 453 755 493 <178>
771 453 897 493 ἀγαθὸς
916 453 946 485 δ’
963 452 1005 494 ἧν
1023 453 1077 485 καὶ
1096 452 1196 485 οὐδὲν

190 505 302 545 ὅμοιος
320 509 365 547 τῷ
384 504 481 545 πατρὶ
501 506 560 545 τὴν
575 506 687 545 φύσιν.
719 504 788 536 κατ’
806 505 933 537 ἐκεῖνον
952 504 989 537 δὲ
1008 507 1065 537 τὸν
1079 507 1196 547 καιρὸν

186 556 373 588 Ἐλισσαίου
401 561 460 588 τοῦ
487 558 659 598 προφήτου
687 562 825 598 γηραιοῦ
849 556 909 598 μὲν
932 558 994 597 ἤδη
1018 559 1196 598 τυγχάνον-

190 621 254 647 τος,
274 610 319 646 εἰς
339 608 375 640 δὲ
396 611 496 640 νόσον
511 609 764 650 ἐμπεπτωκότος,
783 607 860 650 ἧκεν
878 610 895 641 ὁ
910 616 976 641 τῶν
988 609 1196 652 Ἰσραηλιτῶν
1211 622 1238 656 1q

189 663 343 702 βασιλεὺς
362 663 444 703 πρὸς
464 661 565 693 αὐτὸν
585 661 846 703 ἐπισκεψόμενος.
879 662 986 702 <179>
1004 664 1196 704 καταλαβὼν

190 713 220 745 δ’
252 715 354 746 αὐτὸν
385 714 420 746 έν
449 714 596 755 ἐσχάτοις
626 716 705 746 ὄντα
734 717 847 746 κλαίεν
876 715 1010 756 ἤρξατο,
1043 715 1196 756 [βλέπον-

189 778 244 804 τος
272 767 402 807 αὐτοῦ,]
432 766 486 798 καὶ
515 770 714 798 ποτνιᾶσθαι
741 766 795 798 καὶ
821 766 944 809 πατέρα
967 767 993 798 τ’
1021 768 1197 799 ἀποκαλεῖν

189 819 241 850 καῖ
268 820 379 851 ὅπλον.
426 819 469 851 δι’
496 819 597 851 αὐτὸν
625 821 686 861 γὰρ
716 819 877 860 μηδέποτε
903 821 1089 862 χρήσασθαι
1116 822 1198 861 πρὸς

190 874 266 909 τοὺς
295 872 436 913 ἐχθροὺς
464 872 591 912 ὅπλοις,
622 872 704 903 ἀλλὰ
732 878 802 909 ταῖς
830 872 957 904 ἐκείνου
984 875 1197 914 προφητείαις
1213 884 1236 903 15

190 924 328 966 ἀμαχητὶ
361 929 492 965 κρατεῖν
524 930 589 956 τῶν
616 926 794 965 πολεμίων·
828 929 890 956 νῦν
919 925 949 956 δ’
980 925 1110 957 ἀπιέναι
1137 924 1198 966 μὲν

191 978 292 1009 αὐτὸν
316 977 350 1009 ἐκ
375 982 432 1009 τοῦ
458 979 529 1018 ζῆν,
552 979 759 1008 καταλείπειν
783 977 813 1008 δ’
840 977 1092 1018 ἐξωπλισμένοις
1116 979 1198 1017 [τοῖς

192 1031 330 1071 Σύροις]
356 1035 424 1067 τοῖς
448 1030 557 1061 αὐτῶν
580 1031 757 1070 πολεμίοις.
797 1030 904 1070 <18Ο>
928 1029 999 1061 οὐδ’
1022 1030 1108 1073 αὐτῷ
1132 1033 1197 1061 τοί·

193 1095 254 1114 νυν
283 1084 340 1123 ζῆν
369 1081 412 1114 ἔτ’
440 1080 584 1123 ἀσφαλὲς
612 1083 737 1122 ἔλεγεν,
765 1082 847 1113 ἀλλὰ
874 1085 980 1119 καλῶς
1008 1084 1094 1123 ἔχειν
1120 1091 1205 1128 συνχ

193 1136 332 1177 εξορμᾶν
352 1135 438 1178 αὐτῷ
457 1134 512 1166 καὶ
532 1136 748 1175 συναπαίρειν
766 1139 825 1166 τοῦ
847 1136 932 1175 βίου.
969 1134 1058 1166 ταῦτ’
1081 1135 1197 1176 ὀδυρό·
1212 1145 1255 1163 2¹0v

192 1200 292 1229 μενον
314 1187 496 1225 Ἐλισσαῖος
518 1191 741 1228 παρεμυθεῖτο
765 1189 823 1219 τὸν
847 1186 995 1228 βασιλέα,
1023 1186 1077 1218 καὶ
1102 1188 1198 1225 τόξον

192 1239 361 1272 ἐκέλευσεν
385 1240 471 1282 αὐτῷ
494 1238 656 1281 κομισθὲν
684 1239 825 1271 ἐντεῖναι
850 1244 956 1271 τοῦτο.
1001 1241 1198 1279 ποιήσαντος

192 1290 252 1324 οὖν
277 1291 428 1335 εὐτρεπὲς
446 1297 505 1324 τοῦ
524 1291 683 1333 βασιλέως
703 1293 740 1323 τὸ
759 1292 865 1331 τόξον,
889 1292 1122 1333 ἐπιλαβόμενος
1141 1292 1197 1323 αὐ-

191 1350 249 1377 τοῦ
269 1351 335 1377 τῶν
353 1351 472 1387 χειρῶν
492 1344 639 1376 ἐκέλευσε
658 1344 812 1382 τοξεύειν.
850 1346 924 1386 τρία
944 1343 980 1375 δὲ
998 1343 1076 1385 βέλη
1096 1344 1196 1375 αὐτοῦ

191 1397 385 1439 προεμένου,
409 1395 477 1429 εἶτα
502 1396 531 1428 δ’
558 1396 844 1438 ἀναπαυσαμένου,
869 1397 977 1437 (181)
996 1396 1106 1428 ‘aketto
1126 1396 1197 1437 μέν’
1213 1406 1237 1424 25

193 1449 283 1483 εἶπεν
311 1450 417 1492 εάφεὶς
445 1449 480 1482 ἐκ
508 1449 607 1491 ῥιζῶν
634 1449 676 1480 ἂν
703 1450 763 1489 τὴν
790 1455 856 1480 τῶν
880 1450 1002 1490 Σύρων
1029 1451 1198 1489 βασιλειάν

193 1504 322 1542 ἐξεῖλες·
348 1502 416 1534 ἐπεὶ
440 1501 477 1534 δὲ
495 1501 603 1543 τρισὶν
622 1500 786 1543 ἠρκέσθης
804 1503 927 1542 μόνοις,
951 1502 1123 1538 τοσαύταις
1144 1501 1197 1532 καὶ

192 1557 309 1597 μάχαις
332 1556 503 1597 κρατήσεις
526 1555 704 1595 συμβαλὼν
726 1559 795 1590 τοῖς
818 1554 952 1594 Σύροις,
976 1553 1031 1584 ἵνα
1054 1553 1114 1593 τὴν
1137 1554 1198 1594 χώ-

192 1621 254 1650 ραν
282 1608 323 1648 ἣν
351 1607 511 1647 ἀπέτεμον
544 1611 602 1637 τοῦ
631 1610 691 1637 σοῦ
718 1606 840 1646 πατρὸς
868 1605 1051 1646 ἀνακτήσῃ.’
1098 1605 1151 1637 καὶ
1180 1606 1197 1637 ὁ

192 1660 252 1702 μὲν
276 1661 428 1701 βασιλεὺς
452 1658 540 1690 ταῦτ’
568 1658 708 1695 ἀκούσας
732 1658 911 1698 ἀπηλλάγη,
936 1658 1042 1698 <182>
1066 1657 1133 1699 μετ’
1158 1658 1198 1689 οὐ
1212 1666 1238 1685 8⁰

264 1723 278 1753 ς
294 1723 343 1746 177
365 1733 397 1742 =
417 1723 432 1746 4
447 1719 515 1752 Reg.
530 1718 592 1744 XIH
610 1722 648 1745 10*
