1261 1917
531 65 654 90 ΟΓΔΟΗ
1034 63 1097 93 201

86 147 206 187 βόλους
234 142 349 186 εἶναι),
378 145 479 177 ταῦτα’
507 157 541 176 τε
569 144 851 186 προσεπεσκεύασε
879 143 932 175 καὶ
961 144 1101 184 πύργοις

86 198 167 230 αὐτὰ
196 198 351 239 μεγάλοις
378 198 588 240 προσεξῇρεν.
629 199 737 238 <151>
766 196 955 240 ᾠκοδόμησε
984 196 1018 229 δὲ
1046 196 1100 228 καὶ

86 253 196 288 πόλεις
229 257 300 288 ταῖς
332 252 530 293 βαρυτάταις
559 250 777 292 ἐναρίθμους,
806 249 956 290 ’Ἄσωρόν
984 262 1017 281 τε
1046 249 1100 281 καὶ

86 304 268 344 ιἉαγεδών,
303 307 416 345 τρίτην
448 303 484 336 δὲ
515 304 658 344 Γαζαρά,
691 304 752 344 τὴν
780 308 837 344 τῆς
866 305 1101 335 Παλαιστινῶν

60 367 72 387 5
86 358 193 399 χώρας
218 357 440 398 ὑπάρχουσαν,
466 358 505 398 ἣν
529 358 672 398 Φαραὼν
697 357 714 389 ὁ
739 363 805 388 τῶν
825 358 1020 397 Αἰγυπτίων
1044 358 1102 397 βα-

87 411 196 448 σιλεὺς
215 411 497 452 στρατευσάμενος
516 409 569 442 καὶ
589 411 810 451 πολιορκήσας
828 410 916 450 αι’ρεῖ
928 410 1008 441 κατὰ
1023 410 1102 450 κρά-

86 475 150 503 τος,
169 464 363 502 ἀποκτείνας
382 462 418 495 δὲ
433 464 558 501 πάντας
577 465 654 501 τοὺς
674 463 885 500 ἐνοικοῦντας
903 463 1008 503 αὐτὴν
1026 475 1101 494 κατ-

87 516 242 557 έσκαψεν,
266 515 335 549 εἶτα
360 518 488 558 δωρεὰν
513 518 612 548 ἔδωκε
637 521 673 558 τῇ
699 517 802 548 αὑτοῦ
826 515 970 558 θυγατρὶ
996 518 1101 547 Σολο-

86 575 169 611 μῶνι
195 569 415 612 γεγαμημένῃ·
440 571 549 611 <152>
569 571 621 602 διὸ
641 569 695 601 καὶ
716 569 890 610 ἀνήγειρεν
909 569 926 601 ὁ
947 571 1102 610 βασιλεὺς

47 632 72 652 10
86 623 200 663 αὐτήν,
225 620 328 654 οὖσαν
351 623 476 664 ὀχυρὰν
496 624 595 664 φύσει
614 622 667 654 καὶ
687 624 769 664 πρὸς
788 622 953 663 πολέμους
971 621 1023 653 καὶ
1046 623 1102 659 τὰς

87 682 153 708 τῶν
176 682 301 717 καιρῶν
324 677 505 717 μεταβολὰς
528 678 691 717 χρησίμην
715 673 799 707 εἶναι
825 675 1024 716 δυναμένην.
1062 675 1104 707 οὐ

87 731 199 770 πόρρω
220 728 250 760 δ’
268 729 368 770 αὐτῆς
387 730 488 767 ἄλλας
507 729 696 772 ᾠκοδόμησε
717 729 777 760 δύο
797 730 921 766 πόλεις’
943 729 1103 770 Βητχώρα

88 787 124 824 τῇ
147 781 239 824 ἑτέρᾳ
259 783 362 823 ὄνομα
384 780 434 823 ἦν,
460 782 476 822 ἡ
497 781 527 814 δ’
550 781 644 823 ἑτέρα
664 780 778 813 Βαλὲθ
799 781 954 813 ἐκαλεῖτο.
992 782 1101 821 <153>

88 836 388 876 προσκατεσκεύασε
418 834 454 867 δὲ
479 836 612 872 ταύταις
639 834 693 866 καὶ
722 836 823 872 ἄλλας
847 836 893 872 είς
917 835 1102 866 ἀπόλαυσιν

49 897 72 916 15
88 887 139 920 καὶ
166 889 296 930 τρυφὴν
321 888 511 928 ἐπιτηδείως
535 888 682 929 ἐχούσας,
706 893 745 929 τῇ
769 899 803 919 τε
827 893 893 919 τῶν
917 886 1025 929 ἀέρων
1050 887 1102 919 εὐ-

86 943 205 983 κρασίᾳ
232 940 286 972 καὶ
314 946 383 978 τοῖς
407 941 542 982 ὡραίοις
565 941 701 982 εὐφυεῖς
725 940 778 972 καὶ
805 941 946 982 νάμασιν
970 941 1102 972 ὑδάτων

86 993 274 1035 ἐνδρόσους.
313 993 464 1035 ἐμβαλὼν
489 992 524 1025 δὲ
548 993 599 1025 καὶ
625 995 672 1032 είς
691 995 751 1035 τὴν
771 996 893 1035 ἔρημον
912 995 972 1034 τὴν
992 993 1101 1025 ἐπάνω

87 1049 214 1087 Συρίας
242 1046 296 1078 καὶ
324 1048 495 1088 κατασχὼν
522 1047 626 1088 αὐτὴν
650 1049 777 1079 ἔκτισεν
801 1047 869 1079 ε’κεῖ
890 1049 988 1079 πόλιν
1012 1049 1102 1088 μεγί-

86 1108 181 1140 στην,
210 1100 270 1132 δύο
295 1098 355 1141 μὲν
381 1100 510 1141 ἡμερῶν
534 1101 615 1132 ὁδὸν
639 1101 702 1132 ἀπὸ
727 1105 784 1141 τῆς
807 1101 876 1132 ἅνω
901 1101 1029 1141 Συρίας
1053 1100 1103 1131 δι-

45 1162 70 1181 20
85 1158 242 1192 εστῶσαν,
266 1152 329 1184 ἀπὸ
357 1151 386 1183 δ’
414 1153 595 1194 Εὐφράτου
619 1158 705 1194 μιᾶς,
729 1153 792 1184 ἀπὸ
818 1151 853 1184 δὲ
878 1157 936 1193 τῆς
959 1153 1105 1194 μεγάλης

85 1207 286 1247 Βαβυλῶνος
309 1206 342 1243 ἓξ
366 1205 496 1247 ἡμερῶν
520 1203 562 1246 ἧν
585 1207 621 1238 τὸ
647 1211 757 1247 μῆκος.
799 1206 908 1246 <lb-1>
933 1209 1041 1237 αἴτιον
1065 1204 1101 1237 δὲ

85 1264 143 1291 τοῦ
172 1259 231 1299 τὴν
254 1260 352 1290 πόλιν
375 1259 479 1296 οὕτως
503 1259 566 1290 ἀπὸ
590 1265 657 1291 τῶν
681 1258 886 1300 οἰκουμένων
910 1265 1020 1301 μερῶν
1044 1264 1102 1300 τῆς

86 1314 214 1353 Συρίας
237 1312 424 1355 ἀπῳκίσθαι
449 1313 485 1343 τὸ
510 1311 680 1353 κατωτέρω
705 1311 765 1353 μὲν
790 1312 939 1353 οὐδαμοῦ
963 1317 1021 1353 τῆς
1040 1317 1101 1353 γῆς

86 1365 174 1405 ὕδωρ
200 1363 295 1401 εἶναι,
318 1366 424 1405 πηγὰς
448 1364 478 1396 δ’
503 1364 539 1396 ἐν
563 1364 676 1408 ἐκείνῳ
701 1370 745 1408 τῷ
769 1367 857 1408 τόπῳ
882 1367 986 1406 μόνον
1010 1365 1101 1406 εὑρε-

45 1426 70 1446 25
84 1421 187 1458 θῆναι
211 1417 263 1449 καὶ
290 1417 424 1458 φρέατα.
462 1418 585 1458 ταύτην
604 1415 665 1449 οὖν
684 1418 744 1458 τὴν
763 1419 862 1449 πόλιν
881 1418 1102 1459 οἰκοδομήσας

84 1470 137 1502 καὶ
172 1473 313 1511 τείχεσιν
344 1471 564 1512 ὀχυρωτάτοις
591 1471 780 1512 περιβαλὼν
811 1470 990 1512 Θαδάμορα
1019 1471 1102 1502 ὠνό-

85 1532 176 1564 μασε,
201 1523 255 1555 καὶ
279 1523 368 1555 τοῦτ’
391 1525 438 1555 ἔτι
462 1528 526 1556 νῦν
549 1527 693 1556 καλεῖται
713 1525 801 1565 παρὰ
820 1529 890 1561 τοῖς
909 1524 1045 1565 Σύροις,
1069 1524 1104 1555 οἱ

86 1575 115 1608 δ’
135 1575 291 1617 ’Έλληνες
315 1577 418 1617 αὐτὴν
442 1578 727 1618 προσαγορεύουσι
753 1577 948 1618 Πάλμυραν.

151 1631 259 1669 <155>
275 1631 438 1671 Σολομὼν
459 1628 519 1671 μὲν
534 1627 595 1661 οὖν
611 1630 628 1662 ὁ
644 1632 799 1671 βασιλεὺς
815 1634 917 1662 ταῦτα
933 1629 1002 1661 κατ’
1021 1629 1102 1662 ἐκεῖ-
1122 1636 1139 1659 2

46 1690 72 1710 80
88 1693 147 1713 νον
167 1683 224 1714 τὸν
243 1684 360 1723 καιρὸν
377 1683 529 1724 πράττων
545 1682 694 1715 διετέλει·
715 1685 797 1724 πρὸς
812 1682 847 1714 δὲ
865 1684 942 1720 τοὺς
957 1682 1101 1723 ἐπιζητή-

157 1745 170 1774 ξ
189 1746 235 1769 151
258 1756 290 1765 =
311 1743 462 1777 3Reg.1X
480 1746 523 1775 163
544 1747 559 1770 2
575 1743 666 1769 Paral.
684 1743 746 1769 vm
762 1747 786 1770 3.
