1261 1917
511 51 634 76 omou
1015 48 1077 80 207

65 130 213 170 ἀληθοῦς
245 131 381 171 πεύκης,
415 129 484 162 ἐπεὶ
518 131 573 162 διὰ
602 131 661 171 τὴν
690 135 748 162 τοῦ
777 129 937 171 βασιλέως
965 131 1079 171 χρείαν

65 182 276 225 ἐμνήσθημεν
309 183 424 224 αὐτῆς,
458 184 612 224 εὔκαιρον
641 182 725 216 εἶναι
753 183 807 225 καὶ
836 183 1079 224 φιλάνθρωπον

65 236 210 277 δηλῶσαι
230 238 425 278 νομίσαντες
445 238 631 278 εἰρήκαμεν·
657 238 766 278 (179)
786 237 802 268 ὁ
823 235 859 268 δὲ
879 241 938 268 τοῦ
953 240 1078 277 χρυσοῦ

65 290 213 330 σταθμὸς
241 294 299 321 τοῦ
329 289 547 331 κομισθέντος
571 290 658 333 αὐτῷ
682 290 826 322 τάλαντα
850 289 1001 328 ἑξακόσια
1025 288 1078 320 καὶ

37 355 50 375 5
64 341 220 382 ἑξήκοντα
244 342 287 381 ἕξ,
311 343 354 383 μὴ
379 342 755 384 συγκαταριθμουμένου
777 342 830 374 καὶ
850 347 909 374 τοῦ
929 342 992 373 ὑπὸ
1012 347 1080 373 τῶν

63 395 216 437 ἐμπόρων
237 395 436 436 ὠνηθέντος,
456 395 532 437 μηδ’
555 393 602 427 ὧν
621 397 656 427 οἶ
673 401 730 436 τῆς
746 395 899 437 Ἀραβίας
918 395 1078 436 τοπάρχαι

62 447 116 480 καὶ
145 450 292 489 βασιλεῖς
320 451 464 490 ἔπεμπον
488 449 576 492 αὐτῷ
601 450 727 490 δώρων.
775 449 935 490 ἐχώνευσε
960 446 996 479 δὲ
1020 449 1078 479 τὸν

62 503 186 543 χρυσὸν
206 503 253 540 εἰς
273 503 452 534 διακοσίων
471 503 675 542 κατασκευὴν
694 505 839 543 θυρεῶν,
862 501 924 533 ἀνὰ
945 503 1079 539 σίκλους

63 555 212 595 ἀγόντων
245 554 444 594 ἑξακοσίους.
492 557 601 596 <180>
630 555 761 596 ἐποίησε
790 554 826 586 δὲ
854 554 907 586 καὶ
937 555 1079 592 ἀσπίδας

23 619 49 640 ιο
63 610 265 649 τριακοσίας,
289 608 434 649 ἀγούσης
458 607 593 649 ἑκάστης
617 613 700 650 μνᾶς
723 610 864 649 χρυσίου
888 614 984 649 τρεῖς.
1022 607 1079 638 ἀν-

63 660 162 701 έθηκε
192 659 227 692 δὲ
255 662 375 699 ταύτας
401 661 514 703 φέρων
543 663 589 699 είς
618 663 676 693 τὸν
704 659 797 693 οἷκον
825 662 884 692 τὸν
907 664 1078 701 Λρυμῶνα

64 714 215 755 Λιβάνου
242 715 457 756 καλούμενον.
504 715 544 746 οὐ
568 715 632 756 μὴν
657 714 739 746 ἀλλὰ
763 713 817 745 καὶ
841 715 880 745 τὰ
905 713 1082 754 ἐκπώματα.

64 768 118 798 διὰ
149 772 274 809 χρυσοῦ
302 767 356 799 καὶ
386 770 486 799 λίθου
514 769 553 799 τὰ
581 769 663 809 πρὸς
690 768 751 808 τὴν
780 767 926 799 ἑστίασιν
955 767 999 804 ὡς
1028 767 1078 797 ἔνι

63 820 202 861 μάλιστα
231 820 433 862 φιλοτέχνως
460 822 690 861 κατεσκεύασε,
718 820 772 852 καὶ
798 821 858 860 τὴν
882 821 986 860 ἄλλην
1011 825 1078 850 τῶν

23 885 48 904 15
64 879 191 905 σκευῶν
210 874 385 910 δαψίλειαν
403 879 531 915 χρυσῆν
551 875 681 905 ἅπασαν
700 873 935 914 ἐμηχανήσατο.
969 872 1078 912 <181>

63 925 163 958 οὐδὲν
182 928 244 968 γὰρ
264 925 306 968 ἦν
325 928 342 959 ὅ
363 940 392 959 τι
413 928 546 970 ἀργύρῳ
566 927 765 967 ἐπίπρασκεν
786 926 803 967 ἢ
819 925 1079 967 πάλινᾼέωνεῖτο.

61 979 180 1012 πολλαὶ
208 981 270 1022 γὰρ
299 978 384 1021 ἦσαν
412 985 488 1021 νῆες
517 981 555 1018 ἃς
584 981 601 1012 ὁ
628 982 782 1021 βασιλεὺς
806 971 842 1011 ἐν
866 984 903 1021 τῇ
933 981 1076 1020 Ταρσικῇ

62 1032 221 1075 λεγομένῃ
242 1034 390 1075 θαλάττῃ
409 1035 613 1074 καταστήσας
633 1034 769 1074 ἀγαγεῖν
789 1034 836 1071 είς
855 1034 894 1064 τὰ
915 1031 1076 1073 ἐνδοτέρω

62 1091 128 1116 τῶν
157 1085 268 1118 ἐθνῶν
296 1088 457 1118 παντοίαν
486 1086 646 1128 ἐμπορίαν
674 1085 886 1127 προσέταξεν·
915 1083 962 1117 ὧν
989 1085 1077 1126 ἐξεμ-

23 1149 48 1169 20
62 1138 278 1180 πολουμένων
303 1141 447 1181 ἄργυρος
470 1139 524 1171 καὶ
548 1140 669 1181 χρυσὸς
693 1139 855 1180 ἐκομίζετο
880 1143 924 1182 τῷ
948 1140 1080 1179 βασιλεῖ

63 1190 116 1233 καὶ
131 1193 235 1229 πολὺς
248 1191 367 1233 ἐλέφας
378 1192 541 1231 Αἰθίοπές
556 1205 588 1225 τε
604 1191 658 1224 καὶ
673 1194 820 1233 πίθηκοι.
845 1193 903 1223 τὸν
919 1190 954 1223 δὲ
969 1194 1077 1223 πλοῦν

64 1244 223 1276 ἀπιοῦσαί
253 1257 286 1276 τε
319 1245 373 1276 καὶ
402 1245 659 1287 ἐπανερχόμεναι
690 1244 798 1287 τρισὶν
827 1246 934 1277 ἔτεσιν
962 1245 1076 1285 ἤνυον.

129 1298 238 1338 <182>
258 1299 349 1339 φήμη
370 1297 405 1330 δὲ
426 1300 555 1340 λαμπρὰ
575 1304 683 1330 πᾶσαν
703 1298 739 1330 έν
758 1299 866 1341 κύκλῳ
886 1298 946 1338 τὴν
965 1298 1076 1339 χώραν

62 1351 254 1392 περιήρχετο
284 1352 451 1392 διαβοῶσα
480 1352 540 1392 τὴν
564 1355 765 1393 Σολομῶνος
793 1351 912 1392 ἀρετὴν
940 1349 994 1381 καὶ
1023 1359 1077 1381 σο-

23 1405 160 1444 εῡφίαν,
193 1404 237 1441 ὡς
269 1406 346 1442 τούς
380 1417 412 1436 τε
446 1409 614 1446 πανταχοῦ
644 1404 798 1446 βασιλέας
826 1404 1002 1445 ἐπιθυμεῖν
1031 1404 1078 1440 εἰς

62 1459 141 1494 ὄψιν
159 1458 246 1500 αὐτῷ
261 1457 519 1498 παραγενέσθαι,
540 1464 608 1496 τοῖς
622 1457 812 1499 λεγομένοις
828 1456 871 1488 δι’
889 1457 1076 1497 ὑπερβολὴν

63 1510 292 1551 ἀπιστοῦντας,
311 1510 365 1542 καὶ
385 1511 525 1552 δωρεαῖς
543 1511 700 1552 μεγάλαις
719 1511 997 1552 προσεμφανίζειν
1017 1510 1076 1550 τὴν

62 1563 136 1605 περὶ
160 1564 262 1596 αὐτὸν
286 1565 444 1604 σπουδήν.
484 1565 592 1605 <183>
616 1566 760 1606 ἔπεμπον
784 1565 845 1605 γὰρ
869 1563 956 1606 αὐτῷ
977 1564 1075 1604 σκεύη

62 1621 166 1657 χρυσᾶ
194 1616 247 1648 καὶ
272 1617 399 1658 ἀργυρᾶ
423 1616 477 1648 καὶ
502 1617 676 1658 ἁλουργεῖς
701 1617 844 1658 ἐσθῆτας
867 1615 920 1648 καὶ
945 1615 1076 1657 ἀρωμά-

23 1677 48 1697 80
62 1681 128 1700 των
147 1668 225 1710 γένη
244 1671 349 1701 πολλὰ
369 1669 421 1701 καὶ
443 1670 564 1707 ἵππους
583 1669 637 1701 καὶ
657 1671 795 1712 ἅρματα,
814 1668 867 1701 καὶ
887 1675 954 1701 τῶν
973 1669 1076 1710 ἀχθο-

134 1733 148 1762 ξ·
165 1732 213 1756 1ῗῦ
235 1743 267 1752 =
288 1733 302 1755 3
319 1731 385 1763 Reg.
408 1731 432 1756 X
450 1734 495 1763 143
516 1734 531 1757 2
547 1730 637 1756 Paral.
658 1730 696 1756 IX
714 1733 753 1756 13.

1098 247 1114 269 13
