1261 1917
193 73 209 103 1
217 73 256 102 12
555 72 826 96 ΑΡΧΑΙΟΛΟΓΙΑΣ

191 154 274 191 κίας,
297 152 403 192 ἄνδρα
423 150 458 183 δὲ
477 156 534 192 τῆς
554 153 719 191 γυναικός,
741 151 868 192 Οὐρίαν
887 152 1001 192 ὄνομα,
1024 150 1077 181 καὶ
1097 161 1200 192 παρα-

192 206 372 246 γενόμενον
399 206 476 245 περί
501 216 535 236 τε
563 208 620 244 τῆς
651 208 803 245 στρατιᾶς
834 202 888 235 καὶ
921 208 978 244 τῆς
1010 205 1201 245 πολιορκίας

192 257 352 299 ἀνέκρινε.
399 257 506 297 <132>
530 256 685 297 λέγοντος
708 255 744 288 δὲ
762 257 868 288 πάντα
887 257 968 288 κατὰ
987 261 1070 288 νοῦν
1089 256 1201 294 αὐτοῖς

192 309 409 352 κεχωρηκέναι
433 311 472 341 τὰ
500 310 688 351 πράγματα,
722 310 886 350 βαστάσας
915 309 949 341 ἐκ
975 314 1035 341 τοῦ
1064 310 1201 340 δείπνου

193 363 274 405 με’ρη
297 364 522 404 προσδίδωσιν
542 363 639 406 αὐτῷ,
663 361 717 394 καὶ
736 363 859 394 κελεύει
879 363 960 404 πρὸς
983 363 1043 402 τὴν
1062 367 1201 402 γυναῖκα
1216 371 1228 390 5
1258 375 1261 393 ε

192 416 381 447 ἀπελθόντα
419 415 674 447 ἀναπαύσασθαι
713 417 775 446 σὺν
814 415 905 456 αὐτῇ.
961 415 978 447 ὁ
1012 414 1042 446 δ7
1079 415 1203 456 Οὐρίας

193 473 290 500 τοῦτο
319 467 378 510 μὲν
409 468 468 500 οὐκ
497 468 642 509 ἐποίησε,
674 469 902 510 παρεκοιμήθη
934 466 970 499 δὲ
998 472 1042 510 τῷ
1075 470 1205 509 βασιλεῖ

194 523 256 552 σὺν
275 527 344 558 τοῖς
363 522 475 558 ἄλλοις
495 521 703 562 ὁπλοφόροις.
740 521 848 561 (133)
868 521 912 557 ὡς
931 519 967 551 δὲ
987 522 1087 561 γνοὺς
1104 519 1200 552 τοῦθ’

194 574 211 605 ὁ
237 575 391 614 βασιλεὺς
419 573 590 615 ἀνέκρινεν
619 574 720 606 αὐτὸν
748 574 765 605 ὅ
793 586 824 605 τι
855 574 898 614 μὴ
926 574 1009 614 πρὸς
1033 574 1134 605 αὑτὸν
1157 574 1203 611 εἰς

194 627 254 666 τὴν
278 627 387 657 οἰκίαν
411 628 505 658 ἔλθοι
529 625 610 667 μηδὲ
628 628 710 668 πρὸς
728 627 788 666 τὴν
807 629 947 666 γυναῖκα
970 627 1024 657 διὰ
1044 627 1203 658 τοσούτου

194 680 327 720 χρόνου,
351 680 483 711 πάντων
503 679 691 721 ἀνθρώπων
710 680 832 719 ταύτην
852 679 993 720 ἐχόντων
1012 679 1072 719 τὴν
1091 680 1203 720 φύσιν,

195 733 275 763 ὅταν
303 734 448 764 ἔλθωσιν
477 732 509 770 ἐξ
538 732 736 773 ἀποδημίας,
767 732 827 763 οὐκ
860 729 944 763 εἶναι
978 732 1107 763 δίκαιον
1135 730 1204 763 εἶπε

195 791 261 816 τῶν
294 791 546 826 συστρατιωτῶν
579 786 681 816 αὐτοῦ
714 784 768 816 καὶ
801 789 860 816 τοῦ
893 790 1076 826 στρατηγοῦ
1105 784 1203 826 χαμαὶ

195 838 409 878 κοιμωμένων
438 838 473 869 ἐν
501 843 539 879 τῇ
570 840 759 879 παρεμβολῇ
792 837 846 869 καὶ
875 842 913 878 τῇ
946 843 1012 869 τῶν
1039 839 1205 878 πολεμίων

195 891 284 932 χώρᾳ
299 892 378 931 μετὰ
392 895 450 931 τῆς
464 892 620 930 γυναικὸς
635 891 736 922 αὐτὸν
751 890 980 922 ἀναπαύεσθαι
997 889 1050 921 καὶ
1066 895 1203 931 τρυφᾶν.
1220 900 1238 919 ιε
1258 901 1261 905 ’

197 944 304 983 <134>
328 942 417 974 ταῦτ’
444 944 577 974 εἰπόντα
601 949 709 984 μεῖναι
734 944 794 983 τὴν
814 942 939 983 ἡμέραν
959 943 1087 983 ἐκείνην
1105 952 1205 984 προσ-

197 996 307 1033 έταξεν
331 997 465 1035 αὐτόθι,
494 997 538 1033 ὡς
566 997 612 1033 εἰς
639 997 699 1036 τὴν
724 996 881 1027 ἐπιοῦσαν
904 996 1080 1027 ἀπολύσων
1103 996 1205 1027 αὐτὸν

196 1050 278 1090 πρὸς
300 1050 358 1080 τὸν
382 1049 650 1090 ἀρχιστράτηγον.
696 1047 831 1088 κληθεὶς
853 1047 881 1078 δ’
905 1047 956 1079 ἐπὶ
981 1049 1117 1080 δεῖπνον
1140 1049 1204 1080 ὑπὸ

198 1106 255 1133 τοῦ
283 1100 443 1142 βασιλέως
473 1101 596 1142 Οὐρίας
627 1100 680 1132 καὶ
711 1100 804 1142 με’χρι
835 1099 939 1141 μέθης
966 1101 1142 1141 προελθὼν
1170 1101 1205 1132 ἐν

198 1159 241 1196 τῷ
255 1155 354 1196 πότῳ,
375 1153 587 1194 δεξιουμένου
603 1158 661 1185 τοῦ
680 1152 840 1194 βασιλέως
854 1153 956 1184 αὐτὸν
971 1153 1119 1193 ἐπίτηδες
1135 1146 1206 1191 ταῖς
1220 1164 1237 1182 2¹

196 1208 408 1246 προπόσεσιν,
431 1205 530 1238 οὐδὲν
554 1204 652 1246 ἧττον
671 1207 770 1238 πάλιν
794 1207 856 1247 πρὸ
880 1212 947 1237 τῶν
965 1210 1024 1237 τοῦ
1048 1206 1207 1247 βασιλέως

197 1263 314 1300 θυρῶν
343 1258 517 1300 ἐκοιμήθη,
546 1260 708 1300 μηδεμίαν
736 1260 847 1300 λαβὼν
874 1264 932 1299 τῆς
959 1260 1115 1299 γυναικὸς
1139 1259 1206 1291 ε’πι-

197 1314 333 1352 θυμίαν.
380 1312 488 1352 <135>
509 1311 558 1343 ε’πῖ
580 1313 684 1355 τούτῳ
710 1310 744 1343 δὲ
765 1312 1050 1352 δυσανασχετήσας
1074 1312 1091 1343 ὁ
1115 1314 1206 1353 βασι-

199 1366 274 1402 λεὺς
289 1366 409 1405 ἔγραψε
424 1370 467 1407 τῷ
480 1364 610 1408 Ἰωάβῳ,
626 1365 760 1396 κολάσαι
776 1365 986 1405 προστάττων
996 1366 1054 1396 τὸν
1066 1365 1205 1406 Οὐρίαν·

199 1418 356 1458 ἁμαρτεῖν
375 1418 437 1458 γὰρ
457 1417 559 1448 αὐτὸν
579 1417 707 1457 ἐδήλου.
742 1416 796 1448 καὶ
815 1418 873 1449 τὸν
892 1418 1014 1458 τρόπον
1033 1421 1090 1458 τῆς
1108 1429 1205 1458 τιμω-
1220 1427 1235 1445 2-
1260 1441 1261 1444 ,

199 1473 281 1511 ρίας,
301 1471 356 1501 ἵνα
375 1471 418 1511 μὴ
438 1469 570 1511 γένηται
586 1471 775 1511 καταφανὴς
790 1471 888 1507 αὐτὸς
902 1475 998 1501 τοῦτο
1018 1472 1206 1510 βουληθείς,

199 1523 350 1554 ὑπέθετο.
392 1524 499 1562 <136>
514 1524 594 1554 κατὰ
613 1524 675 1564 γὰρ
694 1524 730 1554 τὸ
746 1524 1001 1563 δυσμαχώτατον
1019 1523 1120 1553 αὐτὸν
1140 1522 1207 1554 ε’κέ-

199 1579 294 1606 λευσε
324 1575 422 1616 μέρος
449 1582 515 1607 τῶν
543 1577 708 1616 πολεμίων
736 1576 841 1615 τάξαι,
869 1574 922 1606 καὶ
950 1574 1027 1606 καθ’
1054 1575 1071 1606 ὃ
1095 1576 1207 1606 κινδυ-

199 1629 307 1658 νεύσει
319 1629 501 1668 μαχόμενος
515 1627 730 1668 ἀπολειφθεὶς
745 1629 856 1668 μόνος·
872 1629 949 1665 τοὺς
964 1629 1024 1669 γὰρ
1039 1636 1206 1669 συμπαρα-

200 1680 316 1716 στάτας
340 1680 549 1721 ἀναχωρῆσαι
578 1680 612 1711 ἐκ
636 1686 692 1721 τῆς
720 1681 822 1721 μάχης
846 1680 1024 1721 γενομένης
1050 1680 1230 1712 ἐκέλευσε.3

271 1743 285 1771 ξ
308 1743 355 1766 131
378 1754 410 1762 =
430 1744 445 1766 2
465 1741 532 1774 Reg.
553 1741 588 1766 XI
604 1744 627 1766 5.
