1261 1917
178 47 243 79 320
540 49 810 73 ΑΡΧΑΙΟΛΟΓΙΑΣ

175 137 289 168 σαντο,
313 128 497 170 πέμψαντες
520 130 602 170 πρὸς
625 129 683 160 τὸν
704 127 846 166 Ἐζεκίαν
869 129 983 168 ἠξίουν
1007 129 1109 160 αὐτὸν
1133 128 1182 161 ἐλ-

175 185 251 212 θεῖν
271 183 317 218 εἰς
332 183 459 222 λόγους.
496 182 513 213 ὃ
530 180 559 212 δ’
577 181 675 218 αὐτὸς
690 180 749 222 μὲν
772 182 835 213 ὑπὸ
852 182 974 218 δειλίας
989 182 1029 212 οὐ
1044 183 1183 223 πρόεισι,

174 241 261 275 τρεῖς
290 233 325 265 δὲ
354 236 430 271 τοὺς
457 234 735 274 ἀναγκαιοτάτους
759 236 878 275 φίλους
906 234 993 276 αὐτῷ
1018 233 1183 275 ἐξέπεμψε,

175 288 234 318 τὸν
257 292 313 327 τῆς
332 288 498 327 βασιλείας
518 287 694 328 ἐπίτροπον
710 286 896 328 Ἐλιάκιμον
920 288 1023 328 ὄνομα
1044 286 1098 318 καὶ
1118 289 1184 318 Σο-

177 341 294 380 βναῖον
313 339 366 370 καὶ
382 338 515 380 Ἰώαχον
534 341 592 371 τὸν
612 338 664 370 ἐπὶ
681 345 747 370 τῶν
761 340 1013 380 ὑπομνημάτων.
1051 340 1114 379 <6>
1129 337 1184 370 οὗ-

175 404 226 423 τοι
250 391 310 433 μὲν
335 389 395 423 οὖν
418 393 638 432 προελθόντες
662 393 816 433 ἄντικρυς
843 398 909 423 τῶν
933 392 1105 432 ἡγεμόνων
1128 397 1185 432 τῆς

177 449 329 485 στρατιᾶς
353 450 419 476 τῶν
441 444 621 486 Ἀσσυρίων
651 446 798 484 ἔστησαν.
844 445 1048 485 θεασάμενος
1072 443 1101 475 δ’
1129 444 1186 475 αὐ-

178 499 255 534 τοὺς
280 497 296 528 ὁ
321 498 500 538 στρατηγὸς
515 496 672 537 Ῥαψάκης
696 496 864 528 ἐκέλευσεν
885 496 1090 534 ἀπελθόντας
1105 496 1186 535 Ἐζε-

177 551 232 591 κίᾳ
251 549 360 589 λέγειν
380 550 429 580 ὅτι
449 551 601 590 βασιλεὺς
621 549 721 590 μέγας
738 550 962 590 Σεναχήριβος
981 550 1186 581 πυνθάνεται

178 602 280 633 αὐτοῦ
313 604 378 633 τίνι
412 606 549 643 θαρρῶν
581 602 635 633 καὶ
669 602 838 639 πεποιθὼς
874 603 989 642 φεύγει
1026 603 1187 642 δεσπότην

179 655 282 686 αὑτοῦ
305 654 358 686 καὶ
378 655 604 696 ἀκροάσασθαι
629 655 671 696 μὴ
695 654 786 686 θέλει
811 653 863 686 καὶ
887 655 948 695 τὴν
970 655 1124 695 στρατιὰν
1147 654 1186 685 οὐ

179 706 305 748 δέχεται
329 712 367 749 τῇ
391 709 497 745 πόλει;
522 707 540 748 ἢ
566 708 619 738 διὰ
643 709 720 745 τοὺς
743 708 962 747 Αἰγυπτίους,
986 707 1045 747 τὴν
1069 706 1187 738 ἑαυτοῦ

180 761 335 801 στρατιὰν
359 760 496 799 ἐλπίζων
520 760 574 792 ὑπ’
598 760 731 792 ἐκείνων
755 760 864 791 αὐτῶν
885 762 1188 800 καταγωνίσασθαι;

179 814 243 853 <ῖ>
267 815 297 844 εἰ
320 812 354 845 δὲ
380 818 475 845 τοῦτο
499 814 677 855 προσδοκᾷ,
705 812 836 853 δηλοῦτ7
864 813 950 855 αὐτῷ
975 813 1025 844 ὅτι
1048 813 1186 852 ἀνόητός

180 865 262 903 ε’στις
292 865 345 897 καὶ
377 867 488 906 ὅμοιος
518 865 684 909 ἀνθρώπω
713 866 748 903 ὃς
778 865 910 908 καλάμῳ
941 865 1187 906 ἐπερειδόμενος

182 918 392 961 τεθλασμένῳ
421 919 503 960 πρὸς
534 923 578 961 τῷ
611 924 805 950 καταπεσεῖν
839 919 884 949 ἔτι
918 917 971 948 καὶ
1004 918 1064 958 τὴν
1095 923 1187 959 χεῖρα

180 971 350 1013 διαπαρεὶς
374 971 494 1013 ’ᾔσθετο
518 976 575 1012 τῆς
594 971 726 1012 βλάβης.
768 969 890 1002 εἰδέναι
915 969 944 1001 δ’
968 970 1016 1001 ὅτι
1036 969 1089 1001 καὶ
1109 972 1187 1011 βου-

181 1025 272 1064 λη’σει
304 1027 388 1054 θεοῦ
420 1024 480 1063 τὴν
513 1022 561 1054 ἐπ’
595 1023 696 1054 αὐτὸν
729 1024 900 1063 στρατείαν
932 1024 1119 1063 πεποίηται,
1153 1023 1189 1060 ὃς

181 1076 268 1118 αὐτῷ
292 1075 579 1116 καταστρέψασθαι
607 1075 661 1107 καὶ
689 1076 749 1115 τὴν
777 1081 843 1106 τῶν
864 1074 1071 1116 Ἰσραηλιτῶν
1097 1077 1188 1115 βασι-

181 1131 273 1160 λείαν
302 1128 458 1169 δέδωκεν,
490 1129 544 1159 ἵνα
574 1130 632 1159 τὸν
663 1128 764 1160 αὐτὸν
792 1129 914 1169 τρόπον
942 1126 997 1158 καὶ
1027 1129 1103 1164 τοὺς
1133 1127 1189 1169 ἀρ-

181 1181 342 1222 χομένους
372 1181 427 1213 ὑπ’
461 1182 562 1212 αὐτοῦ
594 1182 784 1222 διαφθείρῃ.
830 1181 906 1220 <8>
933 1185 1034 1211 ταῦτα
1065 1178 1100 1211 δὲ
1132 1181 1190 1211 τὸν

180 1233 340 1274 Ῥαψάκην
364 1233 509 1275 ἑβραϊστὶ
534 1233 671 1274 λέγοντα
697 1233 767 1275 (τῆς
789 1234 850 1273 γὰρ
870 1233 1013 1273 γλώττης
1032 1230 1117 1273 εἶχεν
1137 1232 1190 1273 ε’μ-

183 1288 316 1327 πείρως)
332 1287 349 1318 ὁ
362 1285 554 1327 Ἐλιάκιμος,
574 1287 780 1327 φοβούμενος
799 1286 842 1327 μὴ
861 1287 897 1318 τὸ
912 1288 1040 1326 πλῆθος
1055 1285 1190 1317 ἐπακοῦ-

185 1348 247 1371 σαν
266 1341 312 1376 είς
330 1340 475 1380 ταραχὴν
494 1339 625 1380 ἐμπέσῃ,
645 1338 773 1380 συριστὶ
791 1339 926 1380 φράζειν
940 1338 1043 1378 ἠξίου.
1080 1336 1191 1375 συνεὶς

185 1391 214 1423 δ’
242 1393 259 1424 ὁ
284 1393 462 1433 στρατηγὸς
486 1393 545 1432 τὴν
568 1392 730 1423 ὑπόνοιαν
758 1392 859 1422 αὐτοῦ
888 1390 941 1422 καὶ
966 1391 1003 1421 τὸ
1028 1389 1077 1421 ἐπ’
1103 1390 1190 1432 αὐτῷ

184 1444 271 1485 δεός,
301 1446 422 1485 μείζονι
446 1444 499 1476 καὶ
524 1446 667 1488 διατόρῳ
691 1449 728 1486 τῇ
753 1449 847 1485 φωνῇ
871 1444 1038 1485 χρώμενος
1060 1442 1190 1483 ἀπεκρί-

183 1509 261 1529 νατο
286 1497 373 1539 αὐτῷ
398 1496 543 1539 ἑβραϊστὶ
567 1496 690 1537 λέγειν,
719 1496 817 1533 Ἥπως
845 1496 1042 1532 ἀκούσαντες
1070 1495 1108 1526 τὰ
1131 1499 1190 1526 τοῦ

182 1550 341 1591 βασιλέως
372 1551 603 1591 προστάγματα
635 1549 754 1586 πάντες
781 1550 816 1580 τὸ
846 1547 1015 1588 συμφέρον
1043 1546 1191 1587 ἕλωνται,

182 1604 385 1643 παραδόντες
409 1603 528 1639 αὑτοὺς
548 1602 635 1643 ἡμῖν.
681 1602 742 1641 <9>
767 1602 869 1641 δῆλον
888 1601 949 1641 γὰρ
970 1599 1013 1637 ὡς
1032 1600 1090 1630 τὸν
1109 1600 1190 1631 λαὸν

1203 612 1227 630 10

1203 874 1227 892 15

1196 1133 1229 1154 '20

1205 1398 1229 1417 25

182 1655 275 1696 ὑμεῖς
294 1667 326 1686 τε
346 1654 399 1686 καὶ
416 1655 432 1686 ὁ
448 1656 600 1695 βασιλεὺς
616 1654 721 1686 ἐλπίσι
736 1654 1019 1695 παρακρουόμενοι
1040 1653 1191 1692 ματαίαις
1204 1659 1230 1680 30

253 1717 267 1746 ξ
283 1719 297 1741 5
319 1728 350 1736 =
371 1718 386 1740 4
403 1715 468 1748 Reg.
484 1714 573 1740 XVIII
590 1718 635 1746 133
655 1714 705 1740 Ies.
723 1713 837 1739 XXXVI
853 1716 876 1739 3.
