1261 1917
187 57 251 88 294
553 60 822 84 ΑΡΧΑΙΟΛΟΓΙΑΣ

185 139 345 178 μεταβολῇ
374 142 433 169 τοῦ
461 137 619 179 βασιλέως
647 137 699 170 καὶ
729 144 794 170 τῶν
823 140 946 179 ἄλλων,
973 138 1089 180 πέμπει
1115 141 1192 177 τοὺς

184 191 355 231 προφήτας
384 190 750 232 διαμαρτυρησομένους
777 203 811 223 τε
839 192 877 223 τα
905 193 1110 233 πραττόμενα
1137 191 1191 223 καὶ

183 244 370 280 παύσοντας
393 249 450 284 τῆς
473 245 633 285 πονηρίας
652 243 780 281 αὐτούς.
824 245 931 285 <168>
951 246 985 276 οἳ
1002 244 1031 276 δ’
1055 246 1191 286 ἰσχυρὸν

184 297 287 337 ε”ρωτα
306 295 360 327 καὶ
380 296 494 336 δεινὴν
514 296 694 337 ἐπιθυμίαν
714 297 776 337 ἄρα
795 298 913 337 ταύτης
931 295 1030 338 εἶχον,
1051 297 1094 334 ὡς
1108 296 1188 338 μήθ’

183 344 234 385 οἷς
257 349 290 379 οἷ
311 349 374 389 πρὸ
400 349 508 380 αὐτῶν
533 349 761 390 ἐξυβρίσαντες
785 351 831 386 εἰς
854 351 892 380 τὰ
916 351 1038 391 νόμιμα
1059 348 1191 380 πανοικὶ

183 400 401 438 κολασθέντες
430 402 557 432 ἔπαθον
585 401 664 442 μήθ’
692 397 741 438 οἷς
764 403 798 433 οἱ
819 407 983 442 προφῆται
1007 402 1192 442 προύλεγον

183 453 375 490 πεισθέντες
398 459 595 494 μετανοῆσαι
618 453 671 485 καὶ
696 457 868 495 μετελθεῖν
893 453 924 491 ε’ξ,
949 451 995 485 ὧν
1019 455 1065 490 εἰς
1085 453 1191 485 ἐκεῖνα

183 507 473 547 παρανομήσαντες
501 506 697 547 ἐτράπησαν·
730 506 811 538 ἀλλὰ
839 505 892 537 καὶ
923 508 1089 547 Ζαχαρίαν
1116 507 1192 537 υἱὸν

183 562 242 588 τοῦ
262 557 438 599 ἀρχιερέως
454 557 587 589 Ἰωόάου
607 561 717 596 λίθοις
737 559 753 590 ὁ
774 560 927 599 βασιλεὺς
949 558 1095 590 ἐκέλευσε
1114 560 1192 599 βλη-

183 609 286 640 θέντα
311 609 496 641 ἀποθανεῖν
525 610 560 642 ἐν
583 616 627 653 τῷ
652 611 742 654 [ερςό,
771 617 837 642 τῶν
861 615 919 642 τοῦ
945 612 1066 652 πατρὸς
1090 611 1191 642 αὐτοῦ

184 662 381 703 εὐεργεσιῶν
396 664 591 704 λαθόμενος,
612 663 719 704 <169>
736 664 784 695 ὅτι
801 668 859 694 τοῦ
874 667 957 694 θεοῦ
971 664 1192 704 προφητεύειν

184 715 285 746 αὐτὸν
309 715 541 753 ἀποδείξαντος
565 716 642 753 στὰς
666 715 701 747 ἐν
724 716 810 759 μέσῳ
830 721 874 758 τῷ
894 717 1014 756 πλήθει
1034 717 1192 757 συνεβού-

184 771 280 799 λευεν
303 767 391 810 αὐτῷ
415 780 447 799 τε
471 768 524 799 καὶ
549 774 592 810 τῷ
613 770 743 809 βασιλεῖ
764 770 803 800 τὰ
823 769 932 800 δίκαια
951 768 1114 809 πράττειν,
1137 767 1191 799 καὶ

185 820 233 850 ὅτι
259 822 417 861 τιμωρίαν
445 821 589 862 μεγάλην
617 821 775 861 ὑφέξουσι
804 821 847 862 μὴ
875 823 1067 862 πειθόμενοι
1091 822 1191 862 πρού-

184 875 266 912 λεγε.
304 875 464 904 τελευτῶν
483 872 594 914 μέντοι
615 876 778 914 Ζαχαρίας
797 874 944 914 μάρτυρα
963 872 1016 904 καὶ
1037 874 1192 913 δικαστὴν

184 922 231 956 ὧν
259 926 376 966 ἔπασχε
405 926 463 956 τὸν
491 926 574 957 θεὸν
602 925 756 965 ἐποιεῖτο,
785 925 855 957 ἀντὶ
881 930 1022 967 χρηστῆς
1049 928 1193 966 συμβου-

184 979 266 1017 λίας,
291 976 343 1008 καὶ
369 975 415 1009 ὧν
440 978 456 1009 ὁ
481 978 585 1019 πατὴρ
611 978 713 1009 αὐτοῦ
737 978 897 1019 παρέσχεν
918 977 1047 1021 Ἰωάσῳ,
1070 983 1193 1018 πικρῶς

184 1029 237 1060 καὶ
263 1031 378 1070 βιαίως
402 1030 635 1071 ἀπολλύμενος.

1207 619 1231 639 10

1208 882 1232 901 15

252 1083 360 1122 <170>
384 1084 483 1114 ἔδωκε
508 1082 619 1124 μέντοι
643 1082 673 1123 γ’
697 1083 755 1114 οὐκ
780 1084 826 1120 εἰς
849 1084 976 1124 μακρὰν
1000 1083 1016 1114 ὁ
1041 1084 1208 1123 βασιλεὺς,

186 1136 281 1175 δίκην
305 1133 352 1166 ὧν
375 1137 609 1176 παρενόμησεν.
653 1135 852 1176 ἐμβαλόντος
875 1136 936 1176 γὰρ
954 1134 1107 1175 Ἀζαήλου
1133 1139 1192 1166 τοῦ

184 1188 308 1228 Σύρων
332 1187 491 1228 βασιλέως
515 1189 560 1225 εἰς
584 1188 643 1228 τὴν
665 1189 775 1229 χώραν
795 1188 896 1219 αὐτοῦ
915 1187 968 1219 καὶ
988 1188 1047 1227 τήν
1066 1199 1099 1218 τε
1121 1189 1193 1218 Γίτ-

186 1252 245 1271 ταν
268 1240 577 1281 καταστρεψαμένου
600 1239 653 1271 καὶ
678 1241 936 1281 λεηλατήσαντος
965 1239 1032 1282 (καὶ
1059 1239 1193 1280 μέλλον-

185 1291 254 1335 τος)
285 1291 332 1324 ἐπ’
365 1293 466 1324 αὐτὸν
495 1294 682 1334 στρατεύειν
711 1294 757 1330 εἰς
777 1292 999 1334 Ἱεροσόλυμα,
1032 1290 1194 1333 φοβηθεὶς

186 1346 202 1377 ὁ
225 1344 363 1385 Ἰώασος,
388 1345 511 1383 πάντας
531 1345 710 1383 ἐκκενώσας
729 1347 806 1383 τοὺς
824 1350 883 1377 τοῦ
901 1349 984 1376 θεοῦ
1003 1345 1193 1385 θησαυροὺς

185 1397 238 1429 καὶ
268 1400 343 1435 τοὺς
377 1404 443 1429 τῶν
476 1400 666 1439 βασιλείων,
699 1397 751 1429 καὶ
785 1398 999 1439 τάναθήματα
1031 1397 1192 1436 καθελών,

187 1452 307 1491 ἔπεμψε
336 1455 380 1493 τῷ
408 1451 524 1494 Σύρῳ,
555 1451 684 1488 τούτοις
713 1450 900 1491 ὠνούμενος
927 1451 962 1481 τὸ
991 1450 1033 1490 μὴ
1061 1452 1193 1489 πολιορ-

185 1507 329 1543 κηθῆναι
349 1502 430 1544 μηδὲ
450 1504 658 1534 κινδυνεύειν
677 1502 751 1543 περὶ
771 1508 836 1534 τῶν
856 1503 950 1534 ὅλων.
993 1502 1100 1541 <171>
1119 1501 1136 1532 ὃ
1157 1499 1192 1532 δὲ

184 1555 334 1592 πεισθεὶς
357 1560 395 1596 τῇ
419 1561 485 1587 τῶν
504 1556 678 1596 χρημάτων
697 1555 861 1596 ὑπερβολῇ
881 1555 940 1594 τὴν
960 1553 1114 1593 στρατιὰν
1133 1553 1192 1584 οὐκ

187 1607 348 1647 ἐπήγαγεν
382 1606 430 1638 ἐπὶ
469 1608 506 1638 τὰ
535 1607 751 1647 Ἱεροσόλυμα.
807 1607 893 1648 νόσῳ
927 1604 1036 1646 μέντοι
1071 1608 1191 1646 χαλεπῇ

257 1679 271 1708 ς
290 1678 338 1702 168
359 1689 391 1697 =
412 1679 426 1701 2
442 1675 532 1701 Paral.
553 1674 642 1700 xxxv
660 1678 698 1701 19.
809 1677 822 1705 g
840 1677 889 1700 170
910 1687 942 1695 =
962 1677 977 1699 4
993 1674 1060 1707 Reg.
1081 1673 1131 1699 ΧΠ
1148 1676 1190 1705 173

188 1724 202 1747 2
218 1719 308 1746 Paral.
324 1719 413 1745 XXIV
428 1722 469 1745 23.
588 1722 592 1724 Δ

1207 1143 1231 1162 20

1207 1403 1232 1424 25
