1261 1917
0 976 7 1006 >w
4 885 13 961 vt--

543 33 688 57 AEKATH
1060 31 1125 63 343

111 113 258 145 ἐκέλευσε
282 114 340 145 τὸν
360 114 509 144 Αἰθίοπα
533 112 709 154 τριάκοντα
732 118 799 144 τῶν
823 114 1003 153 βασιλικῶν
1022 124 1126 154 παρα-

111 168 254 208 λαβόντα
275 165 328 197 καὶ
349 168 477 206 σχοινία
497 165 550 197 καὶ
571 170 636 197 πᾶν
656 165 673 197 ὃ
693 166 774 206 πρὸς
794 165 853 205 τὴν
873 170 932 197 τοῦ
951 167 1125 207 προφήτου

111 221 277 260 σωτηρίαν
300 218 445 250 ἐπινοεῖν
468 220 645 260 χρήσιμον,
673 219 752 260 μετὰ
777 219 924 259 σπουδῆς
948 219 1124 251 ἀνελκύσαι

110 274 169 304 τὸν
188 271 355 313 Ἱερεμίαν.
402 272 419 304 ὁ
449 271 478 303 δ’
506 273 636 310 Αἰθίοψ
660 272 860 312 παραλαβὼν
889 271 947 309 οὓς
976 271 1125 313 ἐπετάγη,

82 335 95 354 5
111 325 294 357 ἀνέσπασεν
310 324 343 356 ἐκ
358 329 418 356 τοῦ
437 326 603 367 βορβόρου
622 325 681 356 τὸν
700 325 874 366 προφήτην
893 323 946 355 καὶ
963 325 1126 366 διαφῆκεν

111 379 311 419 ἀφύλακτον.

177 432 285 472 (1:¹4)
308 431 604 473 μεταπεμψαμένου
628 430 658 462 δ’
685 431 786 463 αὐτὸν
814 432 925 471 κρύφα
949 435 1008 462 τοῦ
1033 433 1125 472 βασι-

110 484 192 522 λέως
215 484 268 516 καὶ
293 487 326 516 τί
348 486 486 517 δύναται
511 485 648 526 φράζειν
672 485 759 527 αὐτῷ
779 485 867 524 παρὰ
891 489 950 515 τοῦ
969 488 1052 516 θεοῦ
1072 484 1126 516 καὶ

110 539 192 579 πρὸς
211 539 249 569 τὰ
268 539 415 579 παρόντα
435 540 609 579 σημαίνειν
629 537 799 578 ἐρομένου,
819 538 906 578 ἔχειν
925 535 985 578 μὲν
1005 539 1127 578 ἔλεγεν,

71 600 96 618 10
111 591 151 623 οὐ
170 593 453 631 πιστευθήσεσθαι
470 590 499 622 δ’
522 591 624 622 εἰπὼν
644 589 722 622 οὐδὲ
741 589 942 631 παραινέσας
961 590 1128 631 ἀκουσθή-

111 647 238 675 σεσθαι.
286 644 380 675 ’ἀλλὰ
408 646 441 675 τί
467 644 508 684 δή
532 655 571 684 με
597 645 699 675 κακὸν
728 643 946 684 εἰργασμένον
969 643 1127 675 ἀπολέσαι

111 696 295 737 διέγνωσαν
319 698 353 729 οἵ
375 697 427 729 σοὶ
451 697 569 738 φίλοι;’
595 699 685 737 φησί.
727 696 791 728 εκαὶ
817 701 881 728 ποῦ
906 701 969 728 νῦν
992 695 1077 727 εἰσὶν
1096 697 1131 728 οἱ

111 752 168 782 τὸν
192 751 411 791 Βαβυλώνιον
440 748 553 781 οὐκέθ’
583 749 660 790 ἡμῖν
688 749 954 790 ἐπιστρατεύσειν
983 749 1128 789 φάσκον-

111 815 163 840 τες
186 802 239 834 καὶ
264 803 452 840 ἀπατῶντες
475 803 573 843 ὑμᾶς;
598 802 799 843 εὐλαβοῦμαι
824 801 861 833 δὲ
885 806 948 833 νῦν
971 802 1031 842 τὴν
1051 802 1129 842 ἀλή-

71 864 95 884 15
112 860 210 888 θειαν
234 857 354 896 εἰπεῖν,
380 857 423 896 μή
448 867 487 896 με
510 857 707 896 κατακρίνῃς
730 854 887 898 θανάτῳ.’
935 855 1043 895 <125>
1068 859 1128 886 τοῦ

112 908 148 940 δὲ
172 908 332 950 βασιλέως
356 909 475 949 ὅρκους
499 909 586 951 αὐτῷ
611 909 728 946 δόντος
751 908 795 946 ὡς
816 907 886 939 οὔτ’
909 907 1007 945 αὐτὸς
1027 907 1130 940 αὐτὸν

111 962 282 1003 ἀναιρήσει
316 962 392 992 οὔτε
420 967 490 999 τοῖς
516 961 674 1002 ἡγεμόσιν
708 961 857 1001 ἐκδώσει,
890 961 1062 1002 θαρρήσας
1090 966 1128 1002 τῇ

112 1014 272 1056 δεδομένῃ
296 1017 402 1046 πίστει
427 1015 690 1056 συνεβούλευσεν
718 1015 806 1057 αὐτῷ
834 1015 1042 1055 παραδοῦναι
1069 1014 1129 1054 τὴν

112 1069 210 1099 πόλιν
238 1073 306 1105 τοῖς
330 1069 569 1109 Βαβυλωνίοις.
615 1068 730 1107 <1ζ36>
758 1072 861 1098 ταῦτα
892 1066 922 1098 δ’
954 1067 1042 1110 αὐτῷ
1070 1068 1130 1098 τὸν

71 1129 98 1148 20
113 1121 195 1152 θεὸν
224 1119 267 1152 δι’
299 1121 402 1152 αὐτοῦ
435 1121 657 1162 προφητεύειν
690 1122 815 1161 ἔλεγεν,
849 1124 942 1160 εἴγε
975 1121 1130 1161 βούλεται

113 1174 275 1212 σώζεσθαι
308 1173 359 1206 καὶ
390 1175 449 1205 τὸν
477 1173 643 1215 ἐφεστῶτα
671 1175 832 1206 κίνδυνον
863 1174 1042 1214 διαφυγεῖν
1075 1173 1130 1205 καὶ

113 1228 191 1267 μήτε
215 1227 275 1267 τὴν
298 1229 396 1259 πόλιν
421 1228 468 1265 εἰς
491 1228 614 1268 ἔδαφος
637 1233 750 1259 πεσεῖν
776 1228 855 1268 μήτε
879 1228 937 1258 τὸν
961 1228 1056 1258 ναόν·
1086 1227 1129 1268 μὴ

113 1279 291 1311 πεισθέντα
320 1282 381 1321 γὰρ
411 1281 513 1312 αὐτὸν
541 1281 668 1312 τούτων
696 1282 872 1321 παραίτιον
901 1281 1035 1311 ἔσεσθαι
1064 1285 1131 1311 τῶν

113 1338 222 1364 κακῶν
246 1338 315 1370 τοῖς
338 1335 488 1370 πολίταις
511 1332 564 1364 καὶ
589 1333 677 1376 αὐτῷ
700 1332 833 1365 πανοικὶ
862 1338 919 1374 τῆς
948 1338 1131 1374 συμφορᾶς.

70 1393 98 1414 25
116 1386 233 1425 (127)
258 1386 274 1417 ὃ
300 1384 335 1417 δὲ
360 1385 450 1417 ταῦτ’
477 1386 620 1424 ἀκούσας
648 1387 830 1427 βούλεσθαι
858 1384 919 1427 μὲν
945 1386 1044 1424 αὐτὸς
1068 1387 1130 1427 ἔφη

114 1444 223 1470 ποιεῖν
247 1438 266 1470 ἃ
291 1445 447 1479 παραινεῖ
469 1438 523 1470 καὶ
548 1439 634 1480 λέγει
660 1441 829 1471 συνοίσειν
853 1440 940 1482 αὐτῷ
962 1441 1132 1480 γινόμενα,

115 1491 261 1523 δεδιέναι
286 1490 322 1523 δὲ
346 1494 423 1529 τοὺς
447 1492 736 1534 αὐτομολήσαντας
760 1498 826 1523 τῶν
850 1492 1031 1533 ὁμοφύλων
1049 1493 1133 1534 πρὸς

114 1546 192 1582 τοὺς
216 1547 470 1586 Βαβυλωνίους,
499 1546 541 1586 μὴ
573 1544 767 1586 διαβληθεὶς
790 1544 845 1577 ὑπ’
873 1545 982 1576 αὐτῶν
1006 1550 1050 1588 τῷ
1074 1547 1133 1586 βα-

115 1601 201 1629 σιλεῖ
222 1601 381 1639 κολασθῇ.
428 1599 536 1639 <125>
564 1598 798 1639 παρεθάρρυνε
828 1597 857 1629 δ’
885 1598 987 1630 αὐτὸν
1011 1598 1028 1630 ὁ
1052 1609 1134 1639 προ-

75 1660 101 1679 30
118 1652 237 1692 φήτης,
265 1651 317 1682 καὶ
343 1651 448 1692 μιὲτην
473 1651 629 1683 ὑπονοεῖν
653 1652 713 1692 τὴν
736 1653 897 1692 τιμωρίαν
924 1653 1047 1692 ἔλεγεν·
1077 1651 1134 1683 οὐ·

187 1713 201 1743 ξ
220 1714 268 1737 123
286 1724 318 1733 =
334 1711 430 1738 Ierem.
447 1711 518 1737 XLV
536 1715 580 1743 10;
601 1712 634 1738 cf.
650 1712 746 1737 lere-m.
762 1711 847 1737 XLIV
864 1715 904 1738 19.
