1261 1917
512 43 661 68 EBAOMH
1030 42 1089 74 101

77 123 195 163 αὐτην,
220 123 325 160 οὕτως
349 123 594 163 ἀποθανόντος,
626 124 712 164 <83>
736 124 796 155 οὐκ
826 122 1005 165 εἰσδέχεται
1033 122 1094 165 μὲν

78 176 181 216 αὐτὴν
204 177 287 217 πρὸς
316 175 434 207 ἑαυτὸν
459 177 505 214 εἰς
534 177 593 216 τὴν
616 178 731 217 πόλιν,
761 175 831 208 ἀλλ’
864 176 1020 214 ἐκνεύσας
1049 180 1095 214 εἵς

78 242 108 261 τι
131 231 254 270 χωρίον
277 229 399 270 ἀνδρὸς
423 230 568 270 δικαίου,
595 228 777 271 Ὠβεδάμου
801 231 919 271 ὄνομα,
951 232 1094 262 Λευίτου

77 284 113 314 τὸ
138 282 243 323 γένος..
267 281 344 323 παρ’
371 282 458 325 αὐτῷ
482 283 542 323 τὴν
572 283 714 323 κιβωτὸν
738 284 881 322 τίθησιν.
929 284 1036 323 ἔμεινε
1061 282 1091 314 δ’

51 345 63 365 5
78 335 129 368 ε’πὶ
155 341 241 376 τρεῖς
265 335 364 372 ὅλους
387 340 493 376 μῆνας
511 335 642 375 αὐτόθι,
666 335 719 367 καὶ
740 337 798 367 τὸν
818 333 911 367 οἷκον
930 337 988 367 τὸν
1006 335 1094 377 Ὠβε-

78 389 185 430 δάμου
209 388 331 429 ηὔξησέ
353 400 386 419 τε
410 387 463 420 καὶ
486 391 618 420 πολλῶν
638 389 725 431 αὐτῷ
745 388 926 430 μετέδωκεν
946 389 1094 429 ἀγαθῶν.

79 443 165 483 <84>
198 442 340 479 ἀκούσας
373 440 403 473 δ’
435 443 452 473 ὁ
487 444 641 483 βασιλεὺς
674 442 724 473 ὅτι
758 447 859 474 ταῦτα
888 441 1095 483 συμβέβηκεν

75 494 254 538 Ὠβεδάμῳ,
279 495 322 532 ὡς
342 494 377 526 ἐκ
396 500 454 536 τῆς
472 494 633 537 προτέρας
652 497 768 533 πενιάς
786 494 840 527 καὶ,
865 496 1096 536 ταπεινότητος

78 548 212 589 ἀθρόως
236 548 403 589 εὐδαίμων
426 547 478 579 καὶ
506 549 645 588 ζηλωτὸς
674 547 788 589 γε’γονε
813 549 900 589 παρὰ
924 553 1003 580 πᾶσι
1027 554 1096 585 τοῖς

39 611 63 630 10
77 601 179 642 ὁρῶσι
203 600 257 632 καὶ
282 600 552 642 πυνθανομένοις
576 602 636 642 τὴν
655 603 765 633 οἰκίαν
786 602 900 641 αὐτοῦ,
923 602 1096 643 θαρρήσας

78 654 122 692 ὡς
155 654 292 692 οὐδενὸς
324 659 427 686 κακοῦ
460 656 713 696 πειρασόμενος,
746 655 806 695 τὴν
839 656 981 696 κιβωτὸν
1013 656 1096 696 πρὸς

78 707 179 739 αὑτὸν
203 708 418 748 μετακομίζει,
441 708 528 747 <8ῖ>>
552 713 620 739 τῶν
643 706 703 749 μὲν
728 707 843 749 ἱερέων
867 709 1096 749 βασταζόντων

78 759 196 800 αὐτην,
231 759 310 791 ἑπτὰ
344 759 380 791 δὲ
413 766 522 801 χορῶν
550 760 609 798 οὓς
642 761 858 802 διεκόσμησεν
891 761 908 792 ὁ
941 762 1096 802 βασιλεὺς

78 814 308 853 προαγόντων,
341 813 444 844 αὐτοῦ
474 812 503 844 δ’
536 812 572 844 ἐν
604 814 723 855 κινύρᾳ
751 815 1014 854 παραπαίζοντος
1041 813 1095 845 καὶ

39 877 63 895 15
78 870 287 907 κροτοῦντος,
312 866 394 897 ὥστε
418 865 471 897 καὶ
496 866 556 906 τὴν
580 872 721 906 γυναῖκα
744 867 913 907 ΔΜιχάλαν,
937 868 1096 899 Σαούλου

78 917 114 950 δὲ
148 918 317 960 θυγατέρα
350 924 408 950 τοῦ
441 919 574 960 πρώτου
607 919 782 960 βασιλέως,
821 921 960 951 ἰδοῦσαν
994 920 1096 952 αὐτὸν

78 976 174 1003 τοῦτο
198 976 359 1003 ποιοῦντα
383 972 550 1013 χλευάσαι.
597 973 683 1013 <86>
706 974 952 1013 εἰσκομίσαντες
976 971 1012 1004 δὲ
1036 974 1097 1014 τὴν

77 1025 219 1065 κιβωτὸν
243 1024 395 1056 τιθέασιν
418 1025 483 1057 ὑπὸ
508 1025 568 1066 τὴν
592 1026 717 1066 σκηνὴν
741 1026 782 1066 ’ἣν
804 1027 956 1067 Δαυίδης
980 1026 1096 1066 ἔπηξεν

78 1078 170 1119 αὐτῇ,
193 1077 247 1110 καὶ
271 1080 394 1116 θυσίας
414 1077 442 1109 τ’
461 1078 627 1110 ἐπετέλεσε
646 1081 837 1117 πολυτελεῖς
855 1078 909 1110 καὶ
930 1080 1097 1121 εἰρηνικὰς

38 1141 64 1161 2⁰
77 1131 246 1171 ἀνήνεγκε,
270 1130 323 1162 καὶ
348 1132 406 1163 τὸν
426 1133 526 1172 ὄχλον
546 1133 710 1163 εἱστίασεν
729 1133 868 1171 ἅπαντα,
891 1131 946 1164 καὶ
966 1132 1096 1173 γυναιξὶ

77 1183 130 1215 καὶ
155 1184 295 1225 ἀνδράσι
319 1183 373 1215 καὶ
398 1186 529 1224 νηπίοις
553 1185 690 1222 διαδοὺς
714 1186 894 1226 κολλυρίδα
915 1186 1018 1226 ἄρτου
1041 1185 1095 1216 καὶ

78 1236 252 1277 ἐσχαρίτην
272 1236 326 1268 καὶ
346 1237 492 1277 λάγανον
512 1239 710 1278 τηγανιστὸν
726 1237 779 1269 καὶ
800 1239 918 1279 μερίδα
938 1239 1095 1279 θύματος.

77 1289 131 1321 καὶ
156 1291 213 1321 τὸν
233 1288 293 1331 μὲν
313 1291 395 1322 λαὸν
415 1291 501 1322 οὕτω
524 1292 754 1332 κατευωχήσας
777 1291 978 1332 ἀπέπεμψεν,
998 1292 1097 1329 αὐτὸς

77 1342 108 1374 δ’
136 1344 182 1380 εἰς
206 1344 264 1374 τὸν
288 1340 381 1374 οἶκον
405 1344 463 1375 τὸν
487 1344 590 1375 αὑτοῦ
618 1347 848 1385 παραγίνεται·
882 1346 968 1385 (87)
992 1356 1095 1386 παρα·
1115 1356 1120 1375 :

37 1405 63 1425 25
78 1401 180 1428 στᾶσα
205 1395 235 1427 δ’
258 1396 346 1439 αὐτῷ
366 1396 502 1437 ΝΙιχάλα
529 1396 545 1436 ἡ
571 1398 666 1437 γυνή,
691 1398 848 1428 Σαούλου
873 1395 910 1428 δὲ
933 1398 1095 1439 θυγάτηρ,

78 1449 116 1481 τά
139 1448 167 1480 τ’
193 1448 265 1481 ἄλλ’
293 1449 381 1492 αὐτῷ
405 1450 583 1490 κατηύχετο
607 1448 662 1481 καὶ
691 1451 780 1491 παρὰ
809 1455 868 1482 τοῦ
897 1454 982 1482 θεοῦ
1006 1451 1096 1491 γενέ-

79 1505 158 1534 σθαι
184 1501 252 1544 ᾔτει
276 1501 379 1534 πάνθ’
402 1502 462 1533 ὅσα
486 1508 667 1544 παρασχεῖν
687 1503 775 1546 αὐτῷ
796 1504 942 1534 δυνατὸν
966 1503 1098 1544 εὐμενεῖ

78 1556 285 1596 τυγχάνοντι,
304 1554 358 1587 καὶ
379 1556 419 1596 δὴ
441 1555 666 1597 κατεμέμψατο
683 1556 727 1593 ὡς
741 1555 958 1597 ἀκοσμήσειεν
977 1557 1095 1598 ὀρχού<

79 1620 176 1649 μενος
199 1609 216 1641 ὁ
241 1612 433 1650 τηλικοῦτος
456 1610 610 1650 βασιλεὺς
629 1608 683 1640 καὶ
705 1610 934 1650 γυμνούμενος
953 1610 1017 1642 ὑπὸ
1038 1616 1095 1652 τῆς

40 1669 66 1689 ³⁰
80 1661 242 1703 ὀρχήσεως
265 1661 319 1694 καὶ
344 1662 379 1694 ἐν
404 1663 538 1699 δούλοις
561 1661 615 1693 καὶ
636 1661 671 1693 ἐν
690 1665 936 1703 θεραπαινίσιν.
969 1664 1056 1704 (88)
1077 1665 1094 1695 ὃ

151 1726 212 1755 ἓ83
234 1737 266 1745 =
287 1727 302 1749 ⁶2.
320 1724 388 1757 Reg.
409 1723 503 1750 V111.
