1261 1917
164 74 229 104 224
527 75 799 100 ΑΡΧΑΙΟΛΟΓΙΑΣ

163 154 291 194 ε’πεσον,
311 153 364 185 καὶ
380 153 482 195 μηδὲν
502 156 548 186 ἔτι
569 156 730 196 σωτήριον
748 155 888 197 ὁρῶντες
903 155 1170 197 ἐξομολογεῖσθαι

163 208 283 244 πάντες
307 207 461 248 ὥρμησαν
485 208 535 239 ὅτι
560 209 694 245 δικαίως
722 208 842 245 αὐτοὺς
870 209 887 240 ὁ
910 210 990 246 θεὸς
1012 209 1172 250 ὑπερόψε-

163 272 227 299 ται,
250 259 449 301 γενομένους
472 259 546 303 περὶ
571 261 672 292 αὐτὸν
691 261 819 302 ἀσεβεῖς
842 260 894 292 καὶ
914 261 1115 302 συγχέαντας
1133 262 1172 292 τὰ

164 314 295 354 νόμιμα.
341 313 447 353 <257>
471 314 615 345 κατιδὼν
643 313 672 344 δ’
700 314 820 351 αὐτοὺς
843 314 860 345 ὁ
884 315 963 351 θεὸς
991 314 1076 346 οὕτω
1103 314 1172 345 δια-

163 364 334 406 κειμένους
362 365 415 397 καὶ
444 367 501 403 τὰς
529 366 688 407 ἁμαρτίας
716 366 1084 408 ἀνθομολογουμένους,
1113 367 1198 398 οὐκ5

163 417 337 450 ἀπολέσειν
365 418 486 456 αὐτοὺς
514 417 582 450 εἷπε
610 420 692 460 πρὸς
719 420 777 450 τὸν
805 420 992 460 προφήτην,
1022 421 1172 460 ποιήσειν

163 470 274 511 μέντοι
295 483 330 511 γε
350 477 418 508 τοῖς
438 473 632 511 Αἰγυπτίοις
650 472 869 513 ὑποχειρίους,
891 473 946 503 ἵνα
965 473 1096 513 μάθωσι
1115 473 1172 503 πό-

163 535 259 564 τερον
287 524 453 566 ἀνθρώπῳ
488 525 659 555 δουλεύειν
692 523 781 555 ἐστὶν
811 524 1019 566 ἀπονώτερον
1047 525 1066 565 ἢ
1094 528 1172 568 θεῷ.

164 577 272 616 <258>
296 576 497 617 παραλαβὼν
521 575 551 607 δ’
579 577 595 608 ὁ
620 577 792 614 Σούσακος
815 577 952 618 ἀμαχητὶ
981 578 1041 617 τὴν
1064 579 1171 616 πόλιν,

165 628 344 669 δεξαμένου
360 627 538 670 Ῥοβοάμου
563 630 617 660 διὰ
641 630 698 660 τὸν
718 631 835 670 φόβον,
860 630 919 661 οὐκ
939 629 1083 670 ἐνέμεινε
1102 635 1173 667 ταῖς
1189 642 1212 660 10

163 680 356 721 γενομέναις
375 682 568 721 συνθήκαις,
592 680 663 712 ἀλλ’
686 681 822 722 ἐσύλησε
846 683 882 713 τὸ
908 682 996 722 ἱερὸν
1019 681 1072 713 καὶ
1096 684 1173 720 τοὺς

162 735 356 775 θησαυροὺς
384 733 556 771 ἐξεκένωσε
584 738 643 765 τοῦ
671 737 754 765 θεοῦ
782 733 835 765 καὶ
868 736 945 771 τοὺς
972 735 1172 775 βασιλικούς,

163 791 288 827 χρυσοῦ
312 785 365 817 καὶ
390 787 537 828 ἀργύρου
561 787 723 828 μυριάδας
744 787 991 829 ἀναριθμήτους
1010 787 1173 828 βαστάσας

163 838 215 870 καὶ
236 838 339 880 μηδὲν
360 840 443 876 ὅλως
461 840 641 871 ὑπολιπών.
681 840 788 879 (259)
807 843 949 881 περιεῖλε
969 838 1005 871 δὲ
1023 839 1077 871 καὶ
1096 841 1173 877 τοὺς

163 896 306 932 χρυσοῦς
329 893 473 933 θυρεοὺς
496 891 549 922 καὶ
569 893 626 928 τὰς
645 891 794 931 ἀσπίδας,
818 892 855 929 ἃς
874 893 1088 924 κατεσκεύασε
1107 895 1173 924 Σο-
1188 901 1213 920 15

164 945 274 985 λομὼν
294 944 310 976 ὁ
331 945 497 984 βασιλεύς·
520 944 579 975 οὐκ
600 947 686 975 εἴασε
706 943 736 975 δ’
759 943 837 976 οὐδὲ
855 945 913 982 τὰς
931 950 1054 986 χρυσᾶς
1073 945 1173 986 φαρέ-
1246 927 1250 964 J

162 1009 256 1037 τρας,
285 997 323 1034 ἃς
351 996 492 1037 ἀνέθηκε
516 997 666 1037 Δαυίδης
689 1002 733 1039 τῷ
757 1000 840 1039 θεῷ,
869 998 979 1038 λαβὼν
1002 998 1090 1038 παρὰ
1113 1002 1172 1029 τοῦ
1246 1005 1249 1020 ¹

164 1055 221 1090 τῆς
237 1052 404 1090 Σωφηνῆς
423 1049 591 1090 βασιλέως.
628 1048 681 1080 καὶ
702 1054 798 1081 τοῦτο
817 1051 956 1090 ποιήσας
975 1049 1172 1091 ἀνέστρεψεν
1246 1044 1248 1116 ἱ

164 1103 211 1139 εἰς
234 1103 273 1133 τὰ
297 1104 410 1134 οἰκεῖα.
455 1103 572 1142 <260>
597 1101 755 1143 μέμνηται
784 1100 819 1133 δὲ
847 1103 966 1142 ταύτης
993 1107 1050 1143 τῆς
1077 1112 1173 1144 στρα-

164 1157 251 1192 τείας
269 1154 323 1186 καὶ
344 1156 360 1187 ὁ
375 1155 626 1197 Ἁλικαρνασεὺς
640 1154 828 1196 Ἡρόδοτος,
847 1154 922 1197 περὶ
941 1156 1044 1196 μόνον
1059 1157 1095 1187 τὸ
1114 1160 1173 1187 τοῦ
1189 1151 1214 1183 ΞΟ
1245 1117 1248 1186 ι

164 1208 324 1249 βασιλέως
346 1207 529 1248 πλανηθεὶς
553 1209 671 1249 ὄνομα,
695 1207 748 1239 καὶ
773 1208 821 1239 ὅτι
846 1208 958 1245 ἄλλοις
981 1220 1015 1240 τε
1038 1211 1173 1246 πολλοῖς

164 1260 309 1301 ἐπῆλθεν
333 1262 446 1292 ἔθνεσι
470 1260 523 1292 καὶ
547 1261 607 1301 τὴν
632 1262 858 1301 Παλαιστίνην
878 1263 1009 1303 Συρίαν
1032 1261 1173 1292 ἐδουλώ-

165 1322 254 1353 σατο,
278 1314 388 1354 λαβὼν
417 1312 554 1354 ἀμαχητὶ
583 1315 660 1351 τοὺς
688 1314 886 1355 ἀνθρώπους
914 1315 991 1351 τοὺς
1018 1313 1054 1345 ἐν
1082 1313 1173 1356 αὐτῇ,

165 1367 272 1406 (261)
292 1367 438 1407 φανερὸν
463 1365 492 1397 δ’
516 1367 564 1398 ὅτι
588 1367 624 1397 τὸ
644 1365 801 1407 ἡμέτερον
825 1368 924 1404 ἔθνος
945 1367 1097 1408 βούλεται
1117 1367 1173 1407 δη-

164 1422 246 1450 λοῦν
274 1418 511 1460 κεχειρωμένον
543 1420 607 1451 ὑπὸ
640 1424 700 1450 τοῦ
728 1420 922 1459 Αἰγυπτίου.
969 1418 1079 1459 ἐπάγει
1110 1420 1171 1460 γὰρ
1187 1428 1212 1446 25

166 1472 211 1502 ὅτι
239 1473 358 1512 στήλας
380 1471 551 1503 κατέλιπεν
580 1472 616 1503 ἐν
643 1477 681 1513 τῇ
706 1477 772 1503 τῶν
795 1471 933 1513 ἀμαχητὶ
957 1472 1172 1513 παραδόντων

165 1524 284 1561 αὑτοὺς
309 1525 419 1556 αἰδοῖα
443 1530 610 1565 γυναικῶν
634 1524 812 1565 ἐγγράψας·
833 1524 1005 1565 Ῥοβόαμος
1029 1523 1058 1555 δ’
1084 1524 1172 1567 αὐτῷ
1237 1536 1239 1550 1

164 1576 354 1617 παρέδωκεν
386 1577 403 1608 ὁ
432 1576 587 1618 ἡμέτερος
619 1578 773 1617 βασιλεὺς
804 1576 941 1618 ἀμαχητὶ
972 1577 1032 1617 τὴν
1065 1579 1172 1608 πόλιν.

165 1629 270 1668 <262>
294 1628 374 1669 φησὶ
399 1628 435 1660 δὲ
454 1629 504 1660 καὶ
528 1631 694 1667 Αἰθίοπας
712 1628 788 1671 παρ’
811 1631 1003 1669 Αἰγυπτίων
1025 1633 1172 1671 μεμαθη-

236 1700 249 1728 ξ
266 1700 316 1723 257
333 1711 365 1720 =
381 1701 395 1723 2
407 1698 496 1724 Paral.
508 1699 557 1724 ΧΠ
570 1701 592 1725 7.
666 1701 740 1729 §258
757 1712 789 1720 =
805 1701 819 1724 3
834 1699 901 1731 Reg.
917 1698 980 1724 XIV
991 1702 1036 1731 '2⁰3
1053 1701 1067 1724 2
1081 1698 1170 1725 Paral.

166 1741 214 1766 ΧΠ
231 1744 254 1767 9.
329 1745 342 1773 g
359 1745 410 1767 260
427 1755 458 1763 =
475 1742 587 1768 Herodt.
604 1742 627 1767 ΙΙ
645 1745 702 1768 102.
