1261 1917
180 46 242 78 266
549 48 819 72 ΑΡΧΑΙοΛοῙῚΑΣ

177 128 289 165 αὐτοῖς
312 133 378 159 τῶν
402 127 605 168 ἡγουμένων,
629 127 672 164 ὡς
696 127 841 167 ἀγωνιᾶν
865 126 924 168 μὲν
948 128 1102 167 ἅπαντας,
1126 128 1185 168 μά-

175 183 268 211 λιστα
293 179 329 211 δὲ
352 182 410 212 τὸν
431 179 601 222 Ἰώραμον,
629 179 683 211 καὶ
706 180 769 211 ὑπὸ
795 181 898 220 λύπης
927 179 1079 221 ἐκβοῆσαι
1103 181 1185 221 πρὸς

175 235 233 265 τὸν
261 235 356 273 θεόν,
389 235 423 264 τί
448 234 549 264 κακὸν
582 233 811 273 αἰτιασάμενος
844 232 960 272 ἀγάγοι
992 234 1069 270 τοὺς
1097 238 1184 274 τρεῖς

176 285 330 327 βασιλέας
353 285 490 327 ἀμαχητὶ
514 286 719 327 παραδώσων
744 285 863 322 αὐτοὺς
888 290 932 327 τῷ
956 291 1022 316 τῶν
1045 287 1184 326 Μωαβι«

173 344 239 370 τῶν
267 341 402 379 βασιλεῖ.
455 339 549 379 <33>
578 338 810 379 παρεθάρρυνε
841 337 870 369 δ’
902 338 1003 369 αὐτὸν
1032 338 1048 369 ὁ
1075 336 1183 369 Ἰωσα-

172 391 276 431 φάτης
305 392 430 428 δίκαιος
459 392 520 431 ὥν,
548 390 602 422 καὶ
630 390 789 432 πέμψαντί7
819 392 866 428 εἰς
894 392 930 422 τὸ
960 391 1183 432 στρατόπεδον

173 443 320 475 ἐκέλευσε
354 449 477 484 γνῶναι
512 447 544 474 εἴ
572 455 621 480 τις
654 443 765 480 αὐτοῖς
802 448 861 474 τοῦ
894 446 978 474 θεοῦ
1013 444 1184 483 προφήτης

173 497 414 536 συνελήλυθεν,
439 497 493 527 ἵνα
518 495 561 527 δι7
588 496 690 527 αὐτοῦ
714 496 872 536 μάθωμεν
900 496 987 536 παρὰ
1016 500 1075 526 τοῦ
1101 498 1184 526 θεοῦ

171 550 206 579 τί
227 548 380 588 ποιητέον
404 548 482 589 ἡμῖν
511 548 608 579 ἐστίν.
655 547 783 579 οἰκέτου
812 547 850 578 δέ
872 559 961 584 τινος
989 553 1055 578 τῶν
1076 546 1185 588 Ἰωρά-

171 613 235 641 μου
259 602 426 641 φήσαντος
450 602 534 632 ἰδεῖν
558 601 677 632 αὐτόθι
706 601 764 631 τὸν
787 599 882 631 Ἠλία
907 600 1059 640 μαθητὴν
1080 598 1183 631 Ἐλισ-

171 659 266 684 σαῖον
296 653 456 693 Σαφάτου
484 654 600 693 παῖδα,
630 654 711 694 πρὸς
740 653 842 684 αὐτὸν
871 652 1006 683 ἀπίασιν
1036 653 1069 683 οἱ
1095 658 1183 693 τρεῖς

171 707 318 746 βασιλεῖς
333 704 535 746 Ἰωσαφάτου
555 705 822 746 παραινέσαντος.
869 706 955 744 (34)
975 704 1129 742 ἐλθόντες
1149 703 1180 736 δ’

172 758 223 789 ἐπὶ
242 759 302 798 τὴν
318 759 441 798 σκηνὴν
460 763 519 789 τοῦ
539 759 711 799 προφήτου
732 758 839 799 (ἔτυχε
858 756 887 788 δ’
907 757 965 795 ἔξω
985 762 1042 798 τῆς
1061 768 1183 798 παρεμ-

171 813 271 851 βολῆς
302 811 571 853 κατεσκηνωκώς)
605 811 780 852 ἐπηρώτων
813 811 849 841 τὸ
886 809 1006 851 μέλλον
1042 809 1093 841 ἐπὶ
1126 814 1184 850 τῆς

170 868 333 905 στρατιᾶς,
358 864 496 904 μάλιστα
521 863 550 894 δ’
578 864 594 895 ὁ
616 862 778 904 Ἰώραμος.
825 867 884 894 τοῦ
909 861 944 893 δὲ
969 863 1011 903 μὴ
1037 863 1183 903 διοχλεῖν

170 916 258 959 αὐτῷ
286 916 488 957 φράσαντος,
517 916 598 947 ἀλλὰ
626 917 708 957 πρὸς
735 917 812 953 τοὺς
839 920 898 946 τοῦ
926 916 1048 955 πατρὸς
1080 915 1182 946 αὐτοῦ

170 968 224 1000 καὶ
248 974 305 1009 τῆς
329 970 450 1010 μητρὸς
473 969 617 1009 βαδίζειν
641 969 811 1009 προφήτας
835 965 934 1010 (εἶναι
954 968 1015 1008 γὰρ
1037 967 1183 1004 ἐκείνους

171 1020 331 1063 ἀληθεῖς),
356 1021 460 1052 ἐδεῖτο
479 1021 700 1062 προφητεύειν
722 1019 776 1051 καὶ
796 1021 910 1058 σώζειν
929 1020 1058 1056 αὐτούς.
1096 1020 1182 1059 <35>

171 1074 187 1105 ὃ
217 1073 246 1104 δ’
278 1074 399 1114 ὀμόσας
427 1075 485 1104 τὸν
513 1074 596 1104 θεὸν
624 1073 684 1104 οὐκ
707 1073 753 1113 ,ἂν
782 1072 1004 1113 ἀποκριθῆναι
1037 1072 1124 1114 αὐτῷ
1155 1073 1184 1103 εί

170 1127 212 1167 μὴ
240 1125 283 1157 δι’
308 1125 508 1167 Ἰωσάφατον
537 1126 629 1157 ὅσιον
658 1126 737 1157 ὄντα
765 1123 820 1156 καὶ
849 1125 993 1164 δίκαιον,
1022 1123 1183 1165 ἀχθέντος

170 1179 352 1220 ἀνθρώπου
371 1180 460 1215 τινὸς
479 1178 617 1215 ψάλλειν
637 1178 763 1214 εἰδότος
782 1177 967 1218 (ἐπεζήτησε
988 1177 1049 1217 γὰρ
1068 1177 1180 1218 αὐτός)

169 1233 251 1272 πρὸς
278 1233 336 1263 τὸν
366 1232 531 1268 ψάλλοντα
561 1232 682 1268 ἔνθους
710 1232 885 1270 γενόμενος
913 1228 1090 1270 προσέταξε
1113 1233 1182 1266 τοῖς

170 1286 361 1325 βασιλεῦσιν
390 1283 426 1315 ἐν
453 1289 497 1326 τῷ
521 1283 685 1326 χειμάρρῳ
713 1284 857 1319 πολλοὺς
885 1282 998 1323 ὀρύξαι
1018 1280 1181 1323 ῗβόθρους.

169 1337 255 1376 <36>
279 1337 353 1368 οὔτε
377 1337 439 1377 γὰρ
459 1335 583 1377 νέφους
603 1336 677 1367 οὔτε
696 1336 880 1376 πνεύματος
901 1334 1083 1375 γενομένου
1103 1333 1178 1365 οὔθ’

170 1389 268 1420 ὑετοῦ
292 1388 552 1430 καταρραγέντος
571 1390 714 1425 ὄψεσθαι
733 1389 840 1429 πλήρη
860 1389 918 1419 τὸν
936 1388 1084 1428 ποταμὸν
1102 1386 1182 1417 ὕδα-

169 1454 240 1481 τος,
274 1442 318 1479 ὡς
348 1441 389 1473 ἂν
420 1441 474 1472 καὶ
505 1443 563 1473 τὸν
594 1442 734 1482 στρατὸν
766 1440 820 1472 καὶ
851 1441 889 1472 τὰ
922 1441 1081 1479 ὑποζύγια
1111 1440 1182 1470 δια-

170 1498 321 1535 σωθῆναι
354 1495 432 1535 ὑμῑν
465 1494 527 1525 ἀπὸ
563 1499 621 1525 τοῦ
657 1499 768 1525 ποτοῦ.
824 1493 929 1524 τἔσται
963 1491 992 1523 δ’
1029 1493 1108 1532 ὑμῖν
1141 1491 1180 1522 οὐ

170 1552 266 1578 τοῦτο
291 1549 394 1588 μόνον
418 1548 505 1587 παρὰ
529 1551 587 1577 τοῦ
611 1550 709 1586 θεοῦ,
734 1546 816 1577 ἀλλὰ
839 1545 892 1577 καὶ
916 1546 1089 1586 κρατήσετε
1114 1550 1180 1575 τῶν

171 1598 302 1640 ἐχθρῶν
325 1598 378 1630 καὶ
402 1601 575 1635 καλλίστας
599 1598 652 1629 καὶ
677 1598 884 1639 ὀχυρωτάτας
904 1599 1015 1634 πόλεις
1034 1598 1180 1637 λήψεσθε

1197 346 1209 365 5

1200 609 1224 628 10

1199 870 1222 890 15

1197 1132 1223 1152 20

1197 1394 1222 1414 25

169 1657 235 1683 τῶν
259 1653 463 1692 Μωαβιτῶν,
487 1650 540 1682 καὶ
565 1650 686 1692 δένδρα
711 1649 771 1691 μὲν
795 1651 903 1682 αὐτῶν
927 1650 1030 1691 ἥμερα
1054 1651 1178 1689 κόψετε,
1193 1655 1219 1675 30

243 1714 257 1743 5
272 1714 305 1737 33
326 1725 358 1733 =
378 1715 394 1737 4
410 1711 529 1744 Reg.1H
547 1714 586 1737 11.
