1261 1917
134 70 175 100 38
497 71 768 96 ΔΡΧΑΙΟΛΟΓΙΑΣ

94 151 113 181 9
200 150 308 190 <170>
337 152 469 191 χρόνοις
498 150 528 182 δ’
553 151 693 191 ὕστερον
726 151 766 182 οὐ
793 153 928 188 πολλοῖς
955 152 989 182 οῖ
1015 153 1140 182 Παλαι-

133 202 238 234 στινοὶ
257 203 357 234 πάλιν
377 205 595 240 συνελθόντες
614 203 668 234 καὶ
689 204 831 244 δύναμιν
850 203 1067 244 ἀθροίσαντες
1086 215 1140 244 με-

132 256 236 296 γάλην
257 255 364 287 ἐπίασι
384 262 453 293 τοῖς
470 255 692 297 Ἰσραηλίταις,
712 255 765 287 καὶ
786 257 850 298 (τὸ)
870 257 988 298 μεταξὺ
1003 259 1141 297 Σωχοῦς

131 307 185 339 καὶ
207 307 336 349 Ἀζηκᾶς
354 311 679 350 καταλαμβανόμενοι
705 310 1027 350 στρατοπεδεύονται.
1066 309 1140 340 ἀντ-

132 361 278 401 επεξάγει
304 361 333 392 δ’
356 361 468 399 αὐτοῖς
491 362 551 402 τὴν
570 363 725 403 στρατιὰν
748 361 801 393 καὶ
824 362 986 401 Σάουλος,
1009 361 1063 393 καὶ
1089 361 1167 393 ἐπί5

130 425 221 450 τινος
241 415 340 455 ὄρους
359 415 720 455 στρατοπεδευσάμενος
737 414 908 454 ἀναγκάζει
923 416 1000 451 τοὺς
1016 417 1141 445 Παλαι-

132 467 265 503 στινοὺς
279 468 315 497 τὸ
331 465 391 507 μὲν
410 473 541 508 πρῶτον
561 468 783 507 στρατόπεδον
801 470 1001 507 καταλιπεῖν,
1022 467 1142 508 ὁμοίως

132 517 162 548 δ’
193 518 248 550 ε’πί
278 531 367 556 τινος
400 521 498 560 ὄρους
528 520 664 561 ἀντικρὺ
692 524 751 551 τοῦ
779 519 1049 560 καταληφθέντος
1076 520 1140 551 ὑπὸ

130 575 189 602 τοῦ
214 572 370 603 Σαούλου
398 573 751 613 στρατοπεδεύσασθαι.
798 573 906 613 <171>
936 573 1083 612 διέστησε
1109 571 1138 603 δ’

131 622 185 654 ἀπ’
216 623 366 664 ἀλλήλων
394 625 433 655 τὰ
462 626 663 665 στρατόπεδα
696 625 793 666 με’σος
821 625 932 656 αὐλὼν
959 631 1025 656 τῶν
1054 625 1141 665 ὀρῶν
1157 634 1181 652 10

131 675 183 716 ἐφ’
206 673 253 707 ὧν
276 674 326 716 ἦν.
372 678 513 718 καταβὰς
537 675 598 708 οὖν
617 690 665 715 τις
689 684 755 709 τῶν
775 677 808 708 ἐκ
827 682 886 708 τοῦ
907 680 1141 709 Παλαιστινῶν

131 729 364 770 στρατοπέδου,
390 730 556 770 Γολιάθης
576 731 689 771 ὄνομα,
713 732 837 767 πόλεως
857 728 891 760 δὲ
913 731 1038 770 Γίττης,
1058 730 1141 771 ἀνὴρ

130 781 438 822 παμμεγεθέστατος
466 780 522 823 (ἦν
550 784 611 823 γὰρ
640 784 770 823 πήχεων
798 782 959 823 τεττάρων
987 781 1040 813 καὶ
1070 791 1141 814 σπι-

129 837 250 874 θαμῆς,
275 835 358 866 ὅπλα
378 840 415 876 τῇ
441 836 538 876 φύσει
559 840 617 866 τοῦ
638 837 786 876 σώματος
805 835 1032 875 ἀναλογοῦντα
1051 847 1140 876 περι-

129 888 290 927 κείμενος·
314 888 450 929 θώρακα
475 887 534 928 μὲν
558 889 619 929 γὰρ
650 888 821 919 ἐνεδέδυτο
846 890 996 929 σταθμὸν
1019 889 1141 928 ἄγοντα
1157 897 1180 915 15

130 939 226 971 πέντε
245 941 395 981 χιλιάδας
415 943 547 979 σίκλων,
567 943 695 982 κόρυθα
711 939 746 972 δὲ
766 940 818 972 καὶ
838 942 997 981 κνημῖδας
1011 944 1141 982 χαλκᾶς,

131 992 245 1029 ὁποίας
274 994 360 1030 εἰκὸς
391 991 433 1033 ἦν
461 993 582 1034 ἀνδρὸς
614 993 698 1024 οὕτω
723 993 912 1033 παραδόξου
941 994 977 1024 τὸ
1001 993 1141 1033 μέγεθος

131 1045 287 1076 σκεπάσαι
316 1046 354 1076 τὰ
383 1046 477 1087 μέλη,
509 1047 591 1086 δόρυ
622 1044 652 1076 δ’
680 1044 720 1085 ἣν
749 1045 788 1076 οὐ
816 1050 944 1085 κοῦφον
972 1046 1140 1087 βάσταγμα

131 1097 252 1137 δεξιᾶς,
281 1097 351 1129 ἀλλ’
379 1097 430 1129 ἐπὶ
459 1104 525 1129 τῶν
554 1099 651 1138 ὤμων
679 1098 758 1129 αὐτὸ
786 1101 890 1137 αἴρων
914 1099 1045 1138 ἔφερεν,
1076 1097 1141 1140 εἶχε

131 1149 167 1181 δὲ
195 1150 246 1181 καὶ
277 1152 399 1191 λόγχην
428 1150 604 1188 ἑξακοσίων
633 1153 768 1190 σίκλων,
802 1151 932 1182 εἵποντο
962 1149 996 1182 δὲ
1025 1151 1140 1183 πολλοὶ
1157 1144 1200 1178 2⁰¹
1238 1127 1242 1197 Ι

131 1204 344 1243 βαστάζοντες
363 1204 401 1234 τὰ
417 1204 514 1240 ὅπλα)
529 1221 573 1226 —-
588 1204 695 1243 <172>
715 1204 792 1240 στὰς
810 1205 926 1234 τοίνυν
941 1204 958 1235 ὁ
976 1204 1141 1244 Γολιάθης
1239 1203 1241 1208 ’

132 1253 228 1293 οὗτος
252 1256 370 1297 μεταξὺ
393 1256 604 1297 παρατάξεων
623 1257 706 1296 βοήν
725 1255 752 1287 τ’
775 1256 891 1296 ἀφίησι
915 1257 1069 1296 μεγάλην,
1088 1256 1141 1288 καὶ

131 1310 213 1349 πρὸς
243 1311 301 1340 τὸν
330 1309 485 1340 Σάουλον
517 1308 569 1340 καὶ
604 1310 680 1345 τοὺς
701 1308 872 1349 Ἑβραίους
906 1308 991 1348 λέγει
1025 1309 1142 1350 “μάχης

132 1360 192 1402 μὲν
216 1362 300 1402 ὑμᾶς
327 1361 380 1393 καὶ
409 1362 577 1393 κινδύνων
605 1361 806 1393 ἀπαλλάττω.
852 1364 901 1399 τίς
931 1362 992 1402 γὰρ
1017 1361 1141 1403 ἀνάγκη

131 1414 191 1454 τὴν
220 1416 376 1455 στρατιὰν
403 1415 496 1455 ὑμῶν
525 1419 756 1455 συμπεσοῦσαν
783 1418 999 1452 κακοπαθεῖν;
1032 1415 1139 1455 <173>
1156 1423 1180 1441 25

132 1468 207 1498 δότε
236 1466 266 1498 δ’
293 1468 382 1504 ὅστις
410 1467 479 1508 ἐμοὶ
510 1473 656 1508 μαχεῖται
685 1473 751 1498 τῶν
779 1466 958 1508 ὑμετέρων,
986 1466 1038 1498 καὶ
1063 1469 1140 1509 βρα-

131 1521 330 1560 βευθήσεται
359 1522 395 1551 τὸ
424 1525 483 1551 τοῦ
511 1520 655 1560 πολέμου
683 1519 776 1556 τέλος
804 1519 851 1550 ἑνὶ
876 1525 920 1563 τῷ
944 1522 1140 1560 νενικηκότι·

134 1572 352 1604 δουλεύσουσι
376 1574 438 1613 γὰρ
463 1572 581 1603 ἐκεῖνοι
605 1578 674 1609 τοῖς
694 1571 815 1612 ἑτέροις
840 1570 886 1603 ὧν
905 1572 946 1603 ἂν
965 1572 982 1603 ὁ
1006 1574 1141 1613 νικήσας

132 1624 274 1665 γένηται.
320 1627 405 1656 πολὺ
429 1623 464 1656 δὲ
489 1631 646 1665 κρεῖττον,
670 1623 771 1665 οἶμαι,
795 1625 847 1656 καὶ
872 1624 1141 1666 σωφρονέστερον

133 1676 207 1714 ἑνὸς
225 1678 370 1720 κινδύνῳ
391 1680 505 1718 λαβεῖν
525 1678 541 1709 ὃ
562 1678 723 1718 βούλεσθε
743 1677 761 1718 ἣ
781 1683 825 1720 τῷ
844 1678 997 1709 πάντων.’
1033 1679 1141 1717 <174>
1156 1686 1181 1705 30

204 1741 218 1769 ἓ
241 1740 290 1764 170
311 1751 343 1759 =
364 1742 377 1763 1
398 1738 465 1771 Reg.
487 1738 561 1764 XVH
579 1742 599 1764 1.
