1261 1917
141 66 159 97 8
506 68 778 92 ΑΡΧΑΙΟΛΟΓΙΑΣ

140 147 266 187 θράσος
297 153 367 184 τοῖς
397 149 633 185 Παλαιστινοῑς
664 147 715 179 ἐπὶ
744 149 821 185 τοὺς
845 146 1030 188 Ἑβραίους,
1059 147 1146 179 τοῦτ’

141 199 278 236 ἐκείνοις
296 200 374 240 μετὰ
394 200 453 240 τὴν
476 202 571 240 νίκην
591 200 727 240 ἐγένετο.
774 201 860 241 (30)
880 200 933 231 καὶ
954 202 1150 242 Σαμούηλος

141 253 339 293 στρατεύσας
367 251 416 284 ἐπ’
443 253 563 290 αὐτοὺς
591 253 720 294 ἀναιρεῖ
741 254 898 293 πολλούς,
928 253 981 285 καὶ
1006 255 1044 285 τὰ
1069 266 1149 295 φρο-

140 304 256 345 νήματ’
278 306 386 337 αὐτῶν
406 307 451 343 είς
470 307 506 337 τὸ
526 305 681 343 παντελὲς
699 313 857 347 ταπεινοῖ,
880 306 933 338 καὶ
957 307 1017 346 τὴν
1040 307 1150 347 χώραν

141 357 328 399 ἀφαιρεῖται
348 359 389 398 ἣν
407 364 473 390 τῶν
490 358 659 390 Ἰουδαίων
679 359 875 400 ἀπετέμοντο
895 361 1055 400 πρότερον
1074 371 1150 400 κρα-
1165 368 1178 386 5

141 411 296 451 τήσαντες
319 416 357 452 τῇ
382 412 479 453 μάχῃ·
509 412 590 452 αὕτη
615 411 645 443 δ’
672 410 713 452 ἧν
736 412 755 452 ἡ
780 412 873 453 μέχρι
897 413 1021 449 πόλεως
1042 411 1150 443 'Annei-

142 475 247 504 ρωνος
275 463 337 495 ἀπὸ
369 469 434 495 τῶν
461 469 519 504 τῆς
544 466 659 504 Γίττης
687 465 774 506 ὅρων
803 464 1003 505 ἐκτεταμένη.
1050 462 1091 504 ἦν
1115 463 1150 496 δὲ

141 515 211 547 κατ’
246 515 372 547 ἐκεῖνον
404 517 462 548 τὸν
494 518 610 558 καιρὸν
643 520 736 558 φίλια
769 524 837 554 τοῖς
868 517 1080 558 Ἰσραηλίταις
1112 518 1150 548 τὰ

141 568 382 609 ὑπολειπόμενα
406 575 472 600 τῶν
498 572 704 601 Χαναναίων.
1236 610 1237 615 ¹

111 622 130 652 3
213 622 297 661 <31>
321 621 338 653 ὁ
363 620 399 652 δὲ
427 623 597 662 προφήτης
621 623 817 663 Σαμούηλος
846 623 1065 663 διακοσμήσας
1094 624 1151 654 τὸν
1167 632 1192 650 10
1236 639 1237 647 κ

142 674 223 704 λαὸν
250 672 304 705 καὶ
333 675 431 705 πόλιν
460 674 571 711 αὐτοῖς
595 674 753 715 ἀποδούς,
783 676 829 712 είς
857 676 979 715 ταύτην
1004 675 1150 706 ἐκέλευσε

142 726 403 767 συνερχομένους
425 726 499 767 περὶ
523 733 590 758 τῶν
608 728 690 768 πρὸς
709 727 871 767 ἀλλήλους
889 730 1061 768 κρίνεσθαι
1082 728 1151 759 δια-

142 784 265 819 φορῶν.
303 779 401 816 αὐτὸς
421 778 456 810 δὲ
477 779 528 817 δὶς
546 784 605 811 τοῦ
626 781 719 817 ἔτους
734 779 949 821 ἐπερχόμενος
967 781 1023 817 τὰς
1041 782 1152 817 πόλεις

143 831 288 869 ἐδίκαζεν
316 832 441 871 αὐτοῖς,
470 831 523 863 καὶ
552 833 678 873 πολλὴν
707 832 885 874 ἐβράβευεν
913 833 1072 874 εὐνομίαν
1100 832 1151 865 ἐπὶ

142 886 264 924 χρόνον
291 886 405 916 πολύν.
452 886 538 924 <32>
563 884 669 916 ἔπειθ’
696 886 760 917 ὑπὸ
792 887 899 927 γήρως
927 887 1152 927 βαρυνόμενος
1168 895 1193 914 15

142 936 195 968 καὶ
219 938 257 968 τὰ
282 938 413 977 συνήθη
432 938 587 979 πράττειν
607 938 868 979 ἐμποδιζόμενος,
891 944 960 975 τοῖς
983 939 1069 975 υίοῑς
1091 939 1152 979 τὴν

143 989 246 1030 ἀρχὴν
273 989 326 1021 καὶ
355 991 415 1030 τὴν
443 993 645 1030 προστασίαν
678 996 736 1022 τοῦ
765 993 886 1028 ἔθνους
913 992 1152 1032 παραδίδωσιν,

108 895 122 917 ιζ)

143 1040 189 1074 ὧν
219 1043 235 1074 ὁ
264 1041 325 1083 μὲν
352 1044 571 1085 πρεσβύτερος
592 1043 721 1084 Ἰώηλος
748 1045 1019 1085 προσηγορεύετο,
1048 1049 1091 1086 τῷ
1116 1042 1152 1075 δὲ

146 1095 290 1138 νεωτέρῳ
316 1094 406 1136 ’Λβιά
440 1097 542 1137 ὄνομα
572 1094 622 1136 ἧν.
668 1096 844 1137 προσέταξε
878 1095 913 1128 δὲ
942 1098 1000 1128 τὸν
1028 1095 1088 1137 μὲν
1117 1096 1152 1127 ἐν

144 1149 307 1187 Βεθήλοις
330 1150 422 1180 πόλει
447 1150 668 1189 καθεζόμενον
691 1151 826 1190 κρίνειν,
849 1150 908 1181 τὸν
928 1148 958 1180 δ’
981 1149 1093 1190 ἕτερον
1118 1149 1153 1181 ἐν
1168 1141 1204 1176 20’

144 1203 344 1241 Βαρσουβαί,
368 1204 503 1242 μερίσας
526 1203 584 1233 τὸν
607 1202 879 1242 ὑπακουσόμενον
903 1201 1042 1245 ἑκατέρῳ
1063 1203 1151 1233 λαόν.

143 1254 227 1293 <33>
254 1253 405 1293 ἐγένοντο
431 1253 465 1285 δὲ
491 1253 593 1294 σαφὲς
617 1252 707 1286 οὗτοι
732 1255 937 1295 παράδειγμα
960 1253 1014 1285 καὶ
1039 1256 1152 1296 τεκμή-

144 1318 216 1347 ριον
240 1311 299 1338 τοῦ
323 1307 365 1347 μὴ
390 1308 447 1338 τὸν
470 1309 593 1348 τρόπον
615 1308 749 1348 ὁμοίους
768 1313 836 1345 τοῖς
856 1308 979 1348 φύσασι
999 1309 1155 1347 γίνεσθαί

144 1371 245 1397 τινας,
270 1359 351 1391 ἀλλὰ
375 1360 456 1400 τάχα
480 1358 540 1400 μὲν
564 1362 724 1401 χρηστοὺς
747 1359 800 1391 καὶ
825 1362 975 1401 μετρίους
995 1359 1029 1391 ἐκ
1052 1371 1152 1400 πονη-

145 1418 225 1453 ρῶν·
250 1414 321 1444 τότε
341 1412 402 1453 μέν
421 1424 456 1453 γε
477 1413 625 1453 φαύλους
645 1412 676 1450 ἐξ
696 1413 834 1453 ἀγαθῶν
852 1412 1016 1454 παρέσχον
1034 1413 1153 1450 αὑτοὺς
1168 1421 1192 1440 25

145 1465 350 1506 γενομένους.
389 1466 474 1505 <34>
494 1471 559 1496 τῶν
579 1466 640 1507 γὰρ
662 1470 720 1496 τοῦ
744 1467 865 1507 πατρὸς
889 1465 1153 1505 ἐπιτηδευμάτων

145 1517 378 1558 ἐκτραπόμενοι
398 1517 450 1549 καὶ
471 1518 530 1558 τὴν
550 1518 702 1549 ἐναντίαν
722 1518 802 1549 ὁδὸν
822 1518 1021 1554 ἀπελθόντες
1036 1518 1153 1558 δώρων

143 1569 196 1601 καὶ
221 1571 397 1611 λημμάτων
416 1571 561 1611 αἰσχρῶν
580 1573 785 1611 καθυφίεντο
804 1571 840 1601 τὸ
861 1570 1000 1609 δίκαιον,
1024 1569 1076 1600 καὶ
1096 1571 1153 1607 τὰς

143 1625 266 1664 κρίσεις
295 1623 334 1654 οὐ
367 1624 448 1664 πρὸς
478 1623 538 1663 τὴν
566 1623 726 1663 ἀλήθειαν
755 1623 836 1654 ἀλλὰ
864 1624 945 1663 πρὸς
973 1623 1009 1653 τὸ
1037 1622 1153 1663 κε’ρδος

143 1677 351 1717 ποιούμενοι,
379 1675 432 1706 καὶ
463 1677 544 1716 πρὸς
568 1676 699 1716 τρυφὴν
722 1675 775 1707 καὶ
799 1676 880 1716 πρὸς
904 1676 1030 1712 διαίτας
1054 1678 1153 1706 πολυ-
1168 1684 1194 1702 30

216 1739 229 1768 ξ
246 1739 278 1762 30
295 1749 326 1757 =
345 1739 357 1762 1
374 1736 440 1768 Reg.
463 1736 511 1762 VH
529 1739 567 1762 10.

1240 1701 1255 1786 ψ

1240 1815 1249 1911 =·-———
1240 1782 1242 1808 .—
