<?xml version="1.0" encoding="UTF-8"?>
<!DOCTYPE html PUBLIC "-//W3C//DTD XHTML 1.0 Transitional//EN"
    "http://www.w3.org/TR/xhtml1/DTD/xhtml1-transitional.dtd">
<html xmlns="http://www.w3.org/1999/xhtml" xml:lang="en" lang="en">
 <head>
  <title>
</title>
<meta http-equiv="Content-Type" content="text/html;charset=utf-8" />
  <meta name='ocr-system' content='tesseract 3.04.00' />
  <meta name='ocr-capabilities' content='ocr_page ocr_carea ocr_par ocr_line ocrx_word'/>
</head>
<body>
  <div class='ocr_page' id='page_1' title='image "./flaviiiosephiope02joseuoft_0274.png"; bbox 0 0 1261 1917; ppageno 0'>
   <div class='ocr_carea' id='block_1_1' title="bbox 191 68 830 99">
    <p class='ocr_par' dir='ltr' id='par_1_1' title="bbox 191 68 830 99">
     <span class='ocr_line' id='line_1_1' title="bbox 191 68 830 99; baseline -0.002 -6"><span class='ocrx_word' id='word_1_1' title='bbox 191 68 255 99; x_wconf 74' lang='grc'><em>226</em></span> <span class='ocrx_word' id='word_1_2' title='bbox 561 68 830 93; x_wconf 79' lang='grc' dir='ltr'><strong>ΑΡΧΑΙΟΛΟΓΙΑΣ</strong></span> 
     </span>
    </p>
   </div>
   <div class='ocr_carea' id='block_1_2' title="bbox 185 147 1199 1137">
    <p class='ocr_par' dir='ltr' id='par_1_2' title="bbox 185 147 1199 1137">
     <span class='ocr_line' id='line_1_2' title="bbox 189 147 1199 189; baseline 0 -10"><span class='ocrx_word' id='word_1_3' title='bbox 189 149 250 188; x_wconf 80' lang='grc' dir='ltr'><em>τὴν</em></span> <span class='ocrx_word' id='word_1_4' title='bbox 273 153 413 188; x_wconf 80' lang='grc' dir='ltr'><em>γυναῖκα</em></span> <span class='ocrx_word' id='word_1_5' title='bbox 437 148 538 179; x_wconf 89' lang='grc' dir='ltr'><em>αὐτοῦ</em></span> <span class='ocrx_word' id='word_1_6' title='bbox 562 147 739 189; x_wconf 86' lang='grc' dir='ltr'><em>προσέταξε</em></span> <span class='ocrx_word' id='word_1_7' title='bbox 761 148 822 188; x_wconf 84' lang='grc' dir='ltr'><em>τὴν</em></span> <span class='ocrx_word' id='word_1_8' title='bbox 845 148 965 188; x_wconf 81' lang='grc' dir='ltr'><em>στολὴν</em></span> <span class='ocrx_word' id='word_1_9' title='bbox 988 147 1199 188; x_wconf 80' lang='grc' dir='ltr'><em>ἀποθεμένην</em></span> 
     </span>
     <span class='ocr_line' id='line_1_3' title="bbox 189 199 1198 242; baseline 0.001 -11"><span class='ocrx_word' id='word_1_10' title='bbox 189 200 243 231; x_wconf 81' lang='grc' dir='ltr'><em>καὶ</em></span> <span class='ocrx_word' id='word_1_11' title='bbox 268 205 373 241; x_wconf 84' lang='grc' dir='ltr'><em>σχῆμα</em></span> <span class='ocrx_word' id='word_1_12' title='bbox 393 202 560 242; x_wconf 77' lang='grc' dir='ltr'><em>λαβοῦσαν</em></span> <span class='ocrx_word' id='word_1_13' title='bbox 581 201 747 232; x_wconf 78' lang='grc' dir='ltr'><em>ἰδιωτικὸν</em></span> <span class='ocrx_word' id='word_1_14' title='bbox 766 204 971 242; x_wconf 82' lang='grc' dir='ltr'><em>πορευθῆναι</em></span> <span class='ocrx_word' id='word_1_15' title='bbox 990 201 1072 242; x_wconf 86' lang='grc' dir='ltr'><em>πρὸς</em></span> <span class='ocrx_word' id='word_1_16' title='bbox 1088 199 1198 241; x_wconf 75' lang='grc' dir='ltr'><em>Ἀχίαν</em></span> 
     </span>
     <span class='ocr_line' id='line_1_4' title="bbox 188 251 1196 295; baseline 0 -11"><span class='ocrx_word' id='word_1_17' title='bbox 188 255 247 285; x_wconf 83' lang='grc' dir='ltr'><em>τὸν</em></span> <span class='ocrx_word' id='word_1_18' title='bbox 265 254 438 295; x_wconf 75' lang='grc' dir='ltr'><em>προφήτην</em></span> <span class='ocrx_word' id='word_1_19' title='bbox 458 254 565 294; x_wconf 78' lang='grc'>&lt;267&gt;</span> <span class='ocrx_word' id='word_1_20' title='bbox 586 251 685 295; x_wconf 81' lang='grc' dir='ltr'><em>(εἶναι</em></span> <span class='ocrx_word' id='word_1_21' title='bbox 705 254 766 295; x_wconf 77' lang='grc' dir='ltr'><em>γὰρ</em></span> <span class='ocrx_word' id='word_1_22' title='bbox 785 255 979 295; x_wconf 85' lang='grc' dir='ltr'><em>θαυμαστὸν</em></span> <span class='ocrx_word' id='word_1_23' title='bbox 999 254 1104 294; x_wconf 75' lang='grc' dir='ltr'><em>ἄνδρα</em></span> <span class='ocrx_word' id='word_1_24' title='bbox 1122 252 1196 294; x_wconf 83' lang='grc' dir='ltr'><em>περὶ</em></span> 
     </span>
     <span class='ocr_line' id='line_1_5' title="bbox 188 306 1197 348; baseline 0 -11"><span class='ocrx_word' id='word_1_25' title='bbox 188 312 255 338; x_wconf 88' lang='grc' dir='ltr'><em>τῶν</em></span> <span class='ocrx_word' id='word_1_26' title='bbox 278 308 465 347; x_wconf 79' lang='grc' dir='ltr'><em>μελλόντων</em></span> <span class='ocrx_word' id='word_1_27' title='bbox 488 310 671 348; x_wconf 74' lang='grc' dir='ltr'><em>προειπεῖν·</em></span> <span class='ocrx_word' id='word_1_28' title='bbox 695 306 749 338; x_wconf 82' lang='grc' dir='ltr'><em>καὶ</em></span> <span class='ocrx_word' id='word_1_29' title='bbox 772 308 834 348; x_wconf 79' lang='grc' dir='ltr'><em>γὰρ</em></span> <span class='ocrx_word' id='word_1_30' title='bbox 858 306 931 348; x_wconf 79' lang='grc' dir='ltr'><em>περὶ</em></span> <span class='ocrx_word' id='word_1_31' title='bbox 955 312 1011 347; x_wconf 83' lang='grc' dir='ltr'><em>τῆς</em></span> <span class='ocrx_word' id='word_1_32' title='bbox 1030 308 1197 347; x_wconf 86' lang='grc' dir='ltr'><em>βασιλείας</em></span> 
     </span>
     <span class='ocr_line' id='line_1_6' title="bbox 188 358 1196 401; baseline -0.001 -11"><span class='ocrx_word' id='word_1_33' title='bbox 188 359 275 401; x_wconf 77' lang='grc' dir='ltr'><em>αὐτῷ</em></span> <span class='ocrx_word' id='word_1_34' title='bbox 299 364 416 390; x_wconf 89' lang='grc' dir='ltr'><em>τοῦτον</em></span> <span class='ocrx_word' id='word_1_35' title='bbox 436 358 682 401; x_wconf 76' lang='grc' dir='ltr'><em>δεδηλωκέναι),</em></span> <span class='ocrx_word' id='word_1_36' title='bbox 705 359 974 401; x_wconf 80' lang='grc' dir='ltr'><em>παραγενομένην</em></span> <span class='ocrx_word' id='word_1_37' title='bbox 996 358 1026 390; x_wconf 73' lang='grc' dir='ltr'><em>δ’</em></span> <span class='ocrx_word' id='word_1_38' title='bbox 1049 358 1196 390; x_wconf 84' lang='grc' dir='ltr'><em>ἐκέλευσε</em></span> 
     </span>
     <span class='ocr_line' id='line_1_7' title="bbox 187 411 1196 453; baseline -0.001 -10"><span class='ocrx_word' id='word_1_39' title='bbox 187 411 261 453; x_wconf 78' lang='grc' dir='ltr'><em>περὶ</em></span> <span class='ocrx_word' id='word_1_40' title='bbox 285 417 344 443; x_wconf 87' lang='grc' dir='ltr'><em>τοῦ</em></span> <span class='ocrx_word' id='word_1_41' title='bbox 370 412 488 449; x_wconf 87' lang='grc' dir='ltr'><em>παιδὸς</em></span> <span class='ocrx_word' id='word_1_42' title='bbox 515 412 705 453; x_wconf 76' lang='grc' dir='ltr'><em>ἀνακρίνειν</em></span> <span class='ocrx_word' id='word_1_43' title='bbox 735 412 778 449; x_wconf 85' lang='grc' dir='ltr'><em>ὡς</em></span> <span class='ocrx_word' id='word_1_44' title='bbox 806 411 902 453; x_wconf 84' lang='grc' dir='ltr'><em>ξένην</em></span> <span class='ocrx_word' id='word_1_45' title='bbox 931 413 960 443; x_wconf 79' lang='grc' dir='ltr'><em>εἰ</em></span> <span class='ocrx_word' id='word_1_46' title='bbox 987 412 1196 452; x_wconf 78' lang='grc' dir='ltr'><em>διαφεύξεται</em></span> 
     </span>
     <span class='ocr_line' id='line_1_8' title="bbox 187 463 1196 505; baseline 0 -10"><span class='ocrx_word' id='word_1_47' title='bbox 187 465 247 504; x_wconf 84' lang='grc' dir='ltr'><em>τὴν</em></span> <span class='ocrx_word' id='word_1_48' title='bbox 266 466 376 495; x_wconf 86' lang='grc' dir='ltr'><em>νόσον.</em></span> <span class='ocrx_word' id='word_1_49' title='bbox 413 464 432 504; x_wconf 81' lang='grc' dir='ltr'><em>ἣ</em></span> <span class='ocrx_word' id='word_1_50' title='bbox 451 463 486 495; x_wconf 76' lang='grc' dir='ltr'><em>δὲ</em></span> <span class='ocrx_word' id='word_1_51' title='bbox 502 464 855 505; x_wconf 73' lang='grc' dir='ltr'><em>μετασχηματισαμένη,</em></span> <span class='ocrx_word' id='word_1_52' title='bbox 874 465 986 501; x_wconf 84' lang='grc' dir='ltr'><em>καθὼς</em></span> <span class='ocrx_word' id='word_1_53' title='bbox 1001 464 1081 505; x_wconf 76' lang='grc' dir='ltr'><em>αὐτῇ</em></span> <span class='ocrx_word' id='word_1_54' title='bbox 1097 472 1196 505; x_wconf 86' lang='grc' dir='ltr'><em>προσ-</em></span> 
     </span>
     <span class='ocr_line' id='line_1_9' title="bbox 188 514 1196 558; baseline -0.001 -10"><span class='ocrx_word' id='word_1_55' title='bbox 188 516 298 554; x_wconf 83' lang='grc' dir='ltr'><em>έταξεν</em></span> <span class='ocrx_word' id='word_1_56' title='bbox 322 517 416 557; x_wconf 78' lang='grc' dir='ltr'><em>ἁνήρ,</em></span> <span class='ocrx_word' id='word_1_57' title='bbox 440 514 518 557; x_wconf 79' lang='grc' dir='ltr'><em>ἧκεν</em></span> <span class='ocrx_word' id='word_1_58' title='bbox 542 519 588 554; x_wconf 79' lang='grc' dir='ltr'><em>εἰς</em></span> <span class='ocrx_word' id='word_1_59' title='bbox 609 518 701 548; x_wconf 86' lang='grc' dir='ltr'><em>Σιλὼ</em></span> <span class='ocrx_word' id='word_1_60' title='bbox 725 519 835 549; x_wconf 85' lang='grc' dir='ltr'><em>πόλιν·</em></span> <span class='ocrx_word' id='word_1_61' title='bbox 860 517 927 549; x_wconf 75' lang='grc' dir='ltr'><em>ἐκεῖ</em></span> <span class='ocrx_word' id='word_1_62' title='bbox 948 518 1009 558; x_wconf 78' lang='grc' dir='ltr'><em>γὰρ</em></span> <span class='ocrx_word' id='word_1_63' title='bbox 1034 516 1196 557; x_wconf 76' lang='grc' dir='ltr'><em>διέτριβεν</em></span> 
     </span>
     <span class='ocr_line' id='line_1_10' title="bbox 187 568 1195 610; baseline -0.001 -10"><span class='ocrx_word' id='word_1_64' title='bbox 187 569 204 600; x_wconf 89' lang='grc' dir='ltr'>ὁ</span> <span class='ocrx_word' id='word_1_65' title='bbox 226 568 341 610; x_wconf 80' lang='grc' dir='ltr'><em>Ἀχίας.</em></span> <span class='ocrx_word' id='word_1_66' title='bbox 388 570 494 610; x_wconf 80' lang='grc'>&lt;268&gt;</span> <span class='ocrx_word' id='word_1_67' title='bbox 518 569 571 600; x_wconf 80' lang='grc' dir='ltr'><em>καὶ</em></span> <span class='ocrx_word' id='word_1_68' title='bbox 596 570 776 610; x_wconf 80' lang='grc' dir='ltr'><em>μελλούσης</em></span> <span class='ocrx_word' id='word_1_69' title='bbox 804 571 850 607; x_wconf 80' lang='grc' dir='ltr'><em>εἰς</em></span> <span class='ocrx_word' id='word_1_70' title='bbox 878 570 938 610; x_wconf 81' lang='grc' dir='ltr'><em>τὴν</em></span> <span class='ocrx_word' id='word_1_71' title='bbox 961 571 1069 601; x_wconf 81' lang='grc' dir='ltr'><em>οἰκίαν</em></span> <span class='ocrx_word' id='word_1_72' title='bbox 1093 569 1195 600; x_wconf 86' lang='grc' dir='ltr'><em>αὐτοῦ</em></span> 
     </span>
     <span class='ocr_line' id='line_1_11' title="bbox 187 621 1195 663; baseline 0.001 -11"><span class='ocrx_word' id='word_1_73' title='bbox 187 621 338 661; x_wconf 77' lang='grc' dir='ltr'><em>εἰσιέναι,</em></span> <span class='ocrx_word' id='word_1_74' title='bbox 367 622 424 658; x_wconf 83' lang='grc' dir='ltr'><em>τὰς</em></span> <span class='ocrx_word' id='word_1_75' title='bbox 452 623 544 659; x_wconf 79' lang='grc' dir='ltr'><em>ὄψεις</em></span> <span class='ocrx_word' id='word_1_76' title='bbox 571 621 810 662; x_wconf 79' lang='grc' dir='ltr'><em>ἠμαυρωμένου</em></span> <span class='ocrx_word' id='word_1_77' title='bbox 836 623 890 653; x_wconf 73' lang='grc' dir='ltr'><em>διὰ</em></span> <span class='ocrx_word' id='word_1_78' title='bbox 918 623 954 653; x_wconf 89' lang='grc' dir='ltr'><em>τὸ</em></span> <span class='ocrx_word' id='word_1_79' title='bbox 983 627 1099 663; x_wconf 77' lang='grc' dir='ltr'><em>γῆρας,</em></span> <span class='ocrx_word' id='word_1_80' title='bbox 1128 621 1195 652; x_wconf 81' lang='grc' dir='ltr'><em>ἐπι-</em></span> 
     </span>
     <span class='ocr_line' id='line_1_12' title="bbox 187 673 1195 717; baseline 0 -12"><span class='ocrx_word' id='word_1_81' title='bbox 187 673 304 715; x_wconf 77' lang='grc' dir='ltr'><em>φανεὶς</em></span> <span class='ocrx_word' id='word_1_82' title='bbox 332 674 349 705; x_wconf 87' lang='grc' dir='ltr'>ὁ</span> <span class='ocrx_word' id='word_1_83' title='bbox 373 675 453 711; x_wconf 84' lang='grc' dir='ltr'><em>θεὸς</em></span> <span class='ocrx_word' id='word_1_84' title='bbox 481 674 648 715; x_wconf 83' lang='grc' dir='ltr'><em>ἀμφότερα</em></span> <span class='ocrx_word' id='word_1_85' title='bbox 677 674 763 717; x_wconf 72' lang='grc' dir='ltr'><em>αὐτῷ</em></span> <span class='ocrx_word' id='word_1_86' title='bbox 791 675 922 715; x_wconf 87' lang='grc' dir='ltr'><em>μηνύει,</em></span> <span class='ocrx_word' id='word_1_87' title='bbox 950 675 1010 714; x_wconf 84' lang='grc' dir='ltr'><em>τήν</em></span> <span class='ocrx_word' id='word_1_88' title='bbox 1037 673 1072 705; x_wconf 80' lang='grc' dir='ltr'><em>θ’</em></span> <span class='ocrx_word' id='word_1_89' title='bbox 1100 673 1195 715; x_wconf 87' lang='grc' dir='ltr'><em>Ἱερο-</em></span> 
     </span>
     <span class='ocr_line' id='line_1_13' title="bbox 186 725 1195 767; baseline 0 -10"><span class='ocrx_word' id='word_1_90' title='bbox 186 727 314 767; x_wconf 78' lang='grc' dir='ltr'><em>βοάμου</em></span> <span class='ocrx_word' id='word_1_91' title='bbox 333 732 474 766; x_wconf 77' lang='grc' dir='ltr'><em>γυναῖκα</em></span> <span class='ocrx_word' id='word_1_92' title='bbox 493 728 574 767; x_wconf 80' lang='grc' dir='ltr'><em>πρὸς</em></span> <span class='ocrx_word' id='word_1_93' title='bbox 593 727 694 758; x_wconf 86' lang='grc' dir='ltr'><em>αὐτὸν</em></span> <span class='ocrx_word' id='word_1_94' title='bbox 714 726 909 767; x_wconf 78' lang='grc' dir='ltr'><em>ἀφιγμένην,</em></span> <span class='ocrx_word' id='word_1_95' title='bbox 928 725 981 757; x_wconf 80' lang='grc' dir='ltr'><em>καὶ</em></span> <span class='ocrx_word' id='word_1_96' title='bbox 1001 728 1035 757; x_wconf 88' lang='grc' dir='ltr'><em>τί</em></span> <span class='ocrx_word' id='word_1_97' title='bbox 1052 727 1104 757; x_wconf 81' lang='grc' dir='ltr'><em>δεῖ</em></span> <span class='ocrx_word' id='word_1_98' title='bbox 1120 725 1195 767; x_wconf 80' lang='grc' dir='ltr'><em>περὶ</em></span> 
     </span>
     <span class='ocr_line' id='line_1_14' title="bbox 187 777 1195 820; baseline 0 -10"><span class='ocrx_word' id='word_1_99' title='bbox 187 777 233 810; x_wconf 82' lang='grc' dir='ltr'><em>ὧν</em></span> <span class='ocrx_word' id='word_1_100' title='bbox 256 779 414 820; x_wconf 72' lang='grc' dir='ltr'><em>πάρεστιν</em></span> <span class='ocrx_word' id='word_1_101' title='bbox 437 779 690 820; x_wconf 85' lang='grc' dir='ltr'><em>ἀποκρίνασθαι.</em></span> <span class='ocrx_word' id='word_1_102' title='bbox 736 780 843 819; x_wconf 73' lang='grc'>&lt;269&gt;</span> <span class='ocrx_word' id='word_1_103' title='bbox 872 779 1053 820; x_wconf 82' lang='grc' dir='ltr'><em>παριούσης</em></span> <span class='ocrx_word' id='word_1_104' title='bbox 1079 777 1115 809; x_wconf 73' lang='grc' dir='ltr'><em>δὲ</em></span> <span class='ocrx_word' id='word_1_105' title='bbox 1138 783 1195 819; x_wconf 79' lang='grc' dir='ltr'><em>τῆς</em></span> 
     </span>
     <span class='ocr_line' id='line_1_15' title="bbox 185 831 1194 872; baseline -0.002 -9"><span class='ocrx_word' id='word_1_106' title='bbox 185 833 341 872; x_wconf 85' lang='grc' dir='ltr'><em>γυναικὸς</em></span> <span class='ocrx_word' id='word_1_107' title='bbox 371 833 418 869; x_wconf 81' lang='grc' dir='ltr'><em>εἰς</em></span> <span class='ocrx_word' id='word_1_108' title='bbox 445 833 505 872; x_wconf 83' lang='grc' dir='ltr'><em>τὴν</em></span> <span class='ocrx_word' id='word_1_109' title='bbox 534 833 642 863; x_wconf 79' lang='grc' dir='ltr'><em>οἰκίαν</em></span> <span class='ocrx_word' id='word_1_110' title='bbox 670 832 714 869; x_wconf 83' lang='grc' dir='ltr'><em>ὡς</em></span> <span class='ocrx_word' id='word_1_111' title='bbox 742 832 907 869; x_wconf 73' lang='grc' dir='ltr'><em>ἰδιώτιδος</em></span> <span class='ocrx_word' id='word_1_112' title='bbox 934 831 988 863; x_wconf 82' lang='grc' dir='ltr'><em>καὶ</em></span> <span class='ocrx_word' id='word_1_113' title='bbox 1016 831 1109 871; x_wconf 85' lang='grc' dir='ltr'><em>ξένης</em></span> <span class='ocrx_word' id='word_1_114' title='bbox 1139 831 1194 862; x_wconf 92' lang='grc' dir='ltr'><em>ἀν-</em></span> 
     </span>
     <span class='ocr_line' id='line_1_16' title="bbox 185 883 1195 926; baseline -0.002 -10"><span class='ocrx_word' id='word_1_115' title='bbox 185 886 322 925; x_wconf 81' lang='grc' dir='ltr'><em>εβόησεν</em></span> <span class='ocrx_word' id='word_1_116' title='bbox 351 884 506 923; x_wconf 69' lang='grc' dir='ltr'><em>“εἰ’σελθε,</em></span> <span class='ocrx_word' id='word_1_117' title='bbox 538 883 562 916; x_wconf 83' lang='grc' dir='ltr'><em>ὦ</em></span> <span class='ocrx_word' id='word_1_118' title='bbox 592 886 689 924; x_wconf 86' lang='grc' dir='ltr'><em>γύναι</em></span> <span class='ocrx_word' id='word_1_119' title='bbox 713 884 931 926; x_wconf 70' lang='grc' dir='ltr'><em>Ἱεροβοάμου.</em></span> <span class='ocrx_word' id='word_1_120' title='bbox 982 886 1016 915; x_wconf 91' lang='grc' dir='ltr'><em>τί</em></span> <span class='ocrx_word' id='word_1_121' title='bbox 1043 884 1195 926; x_wconf 77' lang='grc' dir='ltr'><em>κρύπτεις</em></span> 
     </span>
     <span class='ocr_line' id='line_1_17' title="bbox 185 935 1197 978; baseline -0.001 -10"><span class='ocrx_word' id='word_1_122' title='bbox 185 938 324 977; x_wconf 61' lang='grc' dir='ltr'><em>σαπίηνς</em></span> <span class='ocrx_word' id='word_1_123' title='bbox 348 938 406 968; x_wconf 89' lang='grc' dir='ltr'><em>τὸν</em></span> <span class='ocrx_word' id='word_1_124' title='bbox 429 938 490 978; x_wconf 78' lang='grc' dir='ltr'><em>γὰρ</em></span> <span class='ocrx_word' id='word_1_125' title='bbox 510 938 592 969; x_wconf 85' lang='grc' dir='ltr'><em>θεὸν</em></span> <span class='ocrx_word' id='word_1_126' title='bbox 612 937 651 968; x_wconf 85' lang='grc' dir='ltr'><em>οὐ</em></span> <span class='ocrx_word' id='word_1_127' title='bbox 671 938 860 975; x_wconf 71' lang='grc' dir='ltr'><em>λανθάνεις,</em></span> <span class='ocrx_word' id='word_1_128' title='bbox 884 937 919 974; x_wconf 89' lang='grc' dir='ltr'><em>ὃς</em></span> <span class='ocrx_word' id='word_1_129' title='bbox 941 935 1142 977; x_wconf 78' lang='grc' dir='ltr'><em>ἀφιξομένην</em></span> <span class='ocrx_word' id='word_1_130' title='bbox 1160 935 1197 967; x_wconf 84' lang='grc' dir='ltr'><em>τέ</em></span> 
     </span>
     <span class='ocr_line' id='line_1_18' title="bbox 185 989 1194 1031; baseline -0.002 -10"><span class='ocrx_word' id='word_1_131' title='bbox 185 1002 241 1030; x_wconf 83' lang='grc' dir='ltr'><em>μοι</em></span> <span class='ocrx_word' id='word_1_132' title='bbox 274 989 391 1031; x_wconf 86' lang='grc' dir='ltr'><em>φανεὶς</em></span> <span class='ocrx_word' id='word_1_133' title='bbox 424 990 566 1030; x_wconf 80' lang='grc' dir='ltr'><em>ἐδήλωσε</em></span> <span class='ocrx_word' id='word_1_134' title='bbox 598 989 652 1021; x_wconf 84' lang='grc' dir='ltr'><em>καὶ</em></span> <span class='ocrx_word' id='word_1_135' title='bbox 684 989 861 1031; x_wconf 88' lang='grc' dir='ltr'><em>προσέταξε</em></span> <span class='ocrx_word' id='word_1_136' title='bbox 894 992 985 1026; x_wconf 80' lang='grc' dir='ltr'><em>τίνας</em></span> <span class='ocrx_word' id='word_1_137' title='bbox 1017 990 1194 1029; x_wconf 85' lang='grc' dir='ltr'><em>ποιήσομαι</em></span> 
     </span>
     <span class='ocr_line' id='line_1_19' title="bbox 185 1040 1193 1084; baseline -0.002 -10"><span class='ocrx_word' id='word_1_138' title='bbox 185 1045 262 1080; x_wconf 86' lang='grc' dir='ltr'><em>τοὺς</em></span> <span class='ocrx_word' id='word_1_139' title='bbox 285 1042 425 1082; x_wconf 71' lang='grc' dir='ltr'><em>λόγουςῖ</em></span> <span class='ocrx_word' id='word_1_140' title='bbox 472 1043 684 1074; x_wconf 80' lang='grc' dir='ltr'><em>ἀπελθοῦσαν</em></span> <span class='ocrx_word' id='word_1_141' title='bbox 708 1040 769 1074; x_wconf 85' lang='grc' dir='ltr'><em>οὖν</em></span> <span class='ocrx_word' id='word_1_142' title='bbox 792 1044 873 1084; x_wconf 85' lang='grc' dir='ltr'><em>πρὸς</em></span> <span class='ocrx_word' id='word_1_143' title='bbox 892 1044 950 1074; x_wconf 88' lang='grc' dir='ltr'><em>τὸν</em></span> <span class='ocrx_word' id='word_1_144' title='bbox 969 1043 1074 1083; x_wconf 70' lang='grc' dir='ltr'><em>ἄνδρα</em></span> <span class='ocrx_word' id='word_1_145' title='bbox 1094 1043 1193 1082; x_wconf 81' lang='grc' dir='ltr'><em>ἔφρα-</em></span> 
     </span>
     <span class='ocr_line' id='line_1_20' title="bbox 185 1094 1193 1137; baseline -0.001 -11"><span class='ocrx_word' id='word_1_146' title='bbox 185 1097 237 1133; x_wconf 79' lang='grc' dir='ltr'><em>ζεν</em></span> <span class='ocrx_word' id='word_1_147' title='bbox 252 1096 339 1137; x_wconf 79' lang='grc' dir='ltr'><em>αὐτῷ</em></span> <span class='ocrx_word' id='word_1_148' title='bbox 358 1100 459 1127; x_wconf 85' lang='grc' dir='ltr'><em>ταῦτα</em></span> <span class='ocrx_word' id='word_1_149' title='bbox 479 1095 599 1135; x_wconf 84' lang='grc' dir='ltr'><em>λέγειν·</em></span> <span class='ocrx_word' id='word_1_150' title='bbox 621 1096 728 1136; x_wconf 75' lang='grc'>&lt;270&gt;</span> <span class='ocrx_word' id='word_1_151' title='bbox 746 1095 829 1127; x_wconf 56' lang='grc' dir='ltr'><em>’ἐπεί</em></span> <span class='ocrx_word' id='word_1_152' title='bbox 846 1104 881 1126; x_wconf 87' lang='grc' dir='ltr'><em>σε</em></span> <span class='ocrx_word' id='word_1_153' title='bbox 901 1094 1003 1136; x_wconf 84' lang='grc' dir='ltr'><em>μέγαν</em></span> <span class='ocrx_word' id='word_1_154' title='bbox 1023 1094 1057 1125; x_wconf 78' lang='grc' dir='ltr'><em>ἐκ</em></span> <span class='ocrx_word' id='word_1_155' title='bbox 1076 1099 1193 1135; x_wconf 86' lang='grc' dir='ltr'><em>μικροῦ</em></span> 
     </span>
    </p>
   </div>
   <div class='ocr_carea' id='block_1_3' title="bbox 184 1141 1219 1189">
    <p class='ocr_par' dir='ltr' id='par_1_3' title="bbox 184 1141 1219 1189">
     <span class='ocr_line' id='line_1_21' title="bbox 184 1141 1219 1189; baseline -0.002 -10"><span class='ocrx_word' id='word_1_156' title='bbox 184 1147 237 1179; x_wconf 83' lang='grc' dir='ltr'><em>καὶ</em></span> <span class='ocrx_word' id='word_1_157' title='bbox 262 1147 365 1189; x_wconf 76' lang='grc' dir='ltr'><em>μηδὲν</em></span> <span class='ocrx_word' id='word_1_158' title='bbox 389 1150 483 1185; x_wconf 81' lang='grc' dir='ltr'><em>ὄντος</em></span> <span class='ocrx_word' id='word_1_159' title='bbox 507 1148 642 1188; x_wconf 81' lang='grc' dir='ltr'><em>ἐποίησα</em></span> <span class='ocrx_word' id='word_1_160' title='bbox 665 1147 719 1179; x_wconf 84' lang='grc' dir='ltr'><em>καὶ</em></span> <span class='ocrx_word' id='word_1_161' title='bbox 744 1148 922 1188; x_wconf 74' lang='grc' dir='ltr'><em>ἀποσχίσας</em></span> <span class='ocrx_word' id='word_1_162' title='bbox 945 1147 1004 1187; x_wconf 80' lang='grc' dir='ltr'><em>τὴν</em></span> <span class='ocrx_word' id='word_1_163' title='bbox 1024 1141 1219 1187; x_wconf 73' lang='grc' dir='ltr'><em>βασιλείανὲ</em></span> 
     </span>
    </p>
   </div>
   <div class='ocr_carea' id='block_1_4' title="bbox 183 1197 1193 1401">
    <p class='ocr_par' dir='ltr' id='par_1_4' title="bbox 183 1197 1193 1401">
     <span class='ocr_line' id='line_1_22' title="bbox 184 1197 1192 1240; baseline -0.002 -8"><span class='ocrx_word' id='word_1_164' title='bbox 184 1201 246 1232; x_wconf 82' lang='grc' dir='ltr'><em>ἀπὸ</em></span> <span class='ocrx_word' id='word_1_165' title='bbox 266 1206 325 1232; x_wconf 88' lang='grc' dir='ltr'><em>τοῦ</em></span> <span class='ocrx_word' id='word_1_166' title='bbox 345 1202 497 1232; x_wconf 85' lang='grc' dir='ltr'><em>Δαυίδου</em></span> <span class='ocrx_word' id='word_1_167' title='bbox 517 1200 634 1240; x_wconf 78' lang='grc' dir='ltr'><em>γένους</em></span> <span class='ocrx_word' id='word_1_168' title='bbox 654 1200 705 1232; x_wconf 75' lang='grc' dir='ltr'><em>σοὶ</em></span> <span class='ocrx_word' id='word_1_169' title='bbox 725 1201 847 1240; x_wconf 86' lang='grc' dir='ltr'><em>ταύτην</em></span> <span class='ocrx_word' id='word_1_170' title='bbox 867 1201 981 1237; x_wconf 67' lang='grc' dir='ltr'><em>ἔδωκα,</em></span> <span class='ocrx_word' id='word_1_171' title='bbox 1004 1201 1044 1230; x_wconf 84' lang='grc' dir='ltr'><em>σὺ</em></span> <span class='ocrx_word' id='word_1_172' title='bbox 1064 1197 1100 1230; x_wconf 74' lang='grc' dir='ltr'><em>δὲ</em></span> <span class='ocrx_word' id='word_1_173' title='bbox 1119 1200 1192 1230; x_wconf 83' lang='grc' dir='ltr'><em>τού-</em></span> 
     </span>
     <span class='ocr_line' id='line_1_23' title="bbox 183 1252 1193 1294; baseline -0.002 -10"><span class='ocrx_word' id='word_1_174' title='bbox 183 1265 249 1284; x_wconf 86' lang='grc' dir='ltr'><em>των</em></span> <span class='ocrx_word' id='word_1_175' title='bbox 274 1254 506 1294; x_wconf 84' lang='grc' dir='ltr'><em>ἠμνημόνησας</em></span> <span class='ocrx_word' id='word_1_176' title='bbox 528 1253 581 1285; x_wconf 77' lang='grc' dir='ltr'><em>καὶ</em></span> <span class='ocrx_word' id='word_1_177' title='bbox 606 1254 665 1293; x_wconf 82' lang='grc' dir='ltr'><em>τὴν</em></span> <span class='ocrx_word' id='word_1_178' title='bbox 690 1253 770 1294; x_wconf 81' lang='grc' dir='ltr'><em>ἐμὴν</em></span> <span class='ocrx_word' id='word_1_179' title='bbox 798 1254 978 1294; x_wconf 76' lang='grc' dir='ltr'><em>θρησκείαν</em></span> <span class='ocrx_word' id='word_1_180' title='bbox 1006 1252 1193 1283; x_wconf 84' lang='grc' dir='ltr'><em>καταλιπὼν</em></span> 
     </span>
     <span class='ocr_line' id='line_1_24' title="bbox 183 1305 1192 1347; baseline -0.002 -10"><span class='ocrx_word' id='word_1_181' title='bbox 183 1308 368 1347; x_wconf 76' lang='grc' dir='ltr'><em>χωνευτοὺς</em></span> <span class='ocrx_word' id='word_1_182' title='bbox 396 1308 497 1343; x_wconf 79' lang='grc' dir='ltr'><em>θεοὺς</em></span> <span class='ocrx_word' id='word_1_183' title='bbox 524 1307 766 1343; x_wconf 73' lang='grc' dir='ltr'><em>κατασκευάσας</em></span> <span class='ocrx_word' id='word_1_184' title='bbox 795 1306 941 1342; x_wconf 80' lang='grc' dir='ltr'><em>ἐκείνους</em></span> <span class='ocrx_word' id='word_1_185' title='bbox 968 1310 1076 1347; x_wconf 83' lang='grc' dir='ltr'><em>τιμᾷς,</em></span> <span class='ocrx_word' id='word_1_186' title='bbox 1107 1305 1192 1336; x_wconf 80' lang='grc' dir='ltr'><em>οὕτω</em></span> 
     </span>
     <span class='ocr_line' id='line_1_25' title="bbox 184 1357 1192 1401; baseline -0.002 -11"><span class='ocrx_word' id='word_1_187' title='bbox 184 1368 219 1390; x_wconf 88' lang='grc' dir='ltr'><em>σε</em></span> <span class='ocrx_word' id='word_1_188' title='bbox 246 1359 346 1390; x_wconf 77' lang='grc' dir='ltr'><em>πάλιν</em></span> <span class='ocrx_word' id='word_1_189' title='bbox 374 1360 566 1401; x_wconf 75' lang='grc' dir='ltr'><em>καθαιρήσω</em></span> <span class='ocrx_word' id='word_1_190' title='bbox 599 1358 652 1390; x_wconf 81' lang='grc' dir='ltr'><em>καὶ</em></span> <span class='ocrx_word' id='word_1_191' title='bbox 680 1364 745 1390; x_wconf 83' lang='grc' dir='ltr'><em>πᾶν</em></span> <span class='ocrx_word' id='word_1_192' title='bbox 774 1358 910 1397; x_wconf 79' lang='grc' dir='ltr'><em>ἐξολέσω</em></span> <span class='ocrx_word' id='word_1_193' title='bbox 943 1367 1003 1389; x_wconf 88' lang='grc' dir='ltr'><em>σου</em></span> <span class='ocrx_word' id='word_1_194' title='bbox 1033 1359 1069 1389; x_wconf 89' lang='grc' dir='ltr'><em>τὸ</em></span> <span class='ocrx_word' id='word_1_195' title='bbox 1098 1357 1192 1397; x_wconf 86' lang='grc' dir='ltr'><em>γένος</em></span> 
     </span>
    </p>
   </div>
   <div class='ocr_carea' id='block_1_5' title="bbox 182 1410 1250 1453">
    <p class='ocr_par' dir='ltr' id='par_1_5' title="bbox 182 1410 1250 1453">
     <span class='ocr_line' id='line_1_26' title="bbox 182 1410 1250 1453; baseline -0.004 -10"><span class='ocrx_word' id='word_1_196' title='bbox 182 1411 236 1443; x_wconf 82' lang='grc' dir='ltr'><em>καὶ</em></span> <span class='ocrx_word' id='word_1_197' title='bbox 264 1411 338 1443; x_wconf 86' lang='grc' dir='ltr'><em>κυσὶ</em></span> <span class='ocrx_word' id='word_1_198' title='bbox 367 1411 421 1443; x_wconf 83' lang='grc' dir='ltr'><em>καὶ</em></span> <span class='ocrx_word' id='word_1_199' title='bbox 450 1413 558 1453; x_wconf 80' lang='grc' dir='ltr'><em>ὄρνισι</em></span> <span class='ocrx_word' id='word_1_200' title='bbox 586 1412 690 1453; x_wconf 77' lang='grc' dir='ltr'><em>βορὰν</em></span> <span class='ocrx_word' id='word_1_201' title='bbox 718 1413 843 1452; x_wconf 81' lang='grc' dir='ltr'><em>ποιήσω</em></span> <span class='ocrx_word' id='word_1_202' title='bbox 872 1410 1036 1451; x_wconf 85' lang='grc' dir='ltr'><em>γενέσθαι.</em></span> <span class='ocrx_word' id='word_1_203' title='bbox 1082 1410 1216 1450; x_wconf 72' lang='lat'>&lt;271&gt;2</span> <span class='ocrx_word' id='word_1_204' title='bbox 1248 1417 1250 1450; x_wconf 65' lang='grc' dir='ltr'><strong>ζ</strong></span> 
     </span>
    </p>
   </div>
   <div class='ocr_carea' id='block_1_6' title="bbox 180 1463 1190 1767">
    <p class='ocr_par' dir='ltr' id='par_1_6' title="bbox 183 1463 1190 1506">
     <span class='ocr_line' id='line_1_27' title="bbox 183 1463 1190 1506; baseline -0.003 -10"><span class='ocrx_word' id='word_1_205' title='bbox 183 1466 336 1506; x_wconf 81' lang='grc' dir='ltr'><em>βασιλεὺς</em></span> <span class='ocrx_word' id='word_1_206' title='bbox 359 1465 421 1506; x_wconf 79' lang='grc' dir='ltr'><em>γὰρ</em></span> <span class='ocrx_word' id='word_1_207' title='bbox 446 1465 641 1506; x_wconf 79' lang='grc' dir='ltr'><em>ε’ξεγείρεταί</em></span> <span class='ocrx_word' id='word_1_208' title='bbox 661 1477 710 1502; x_wconf 86' lang='grc' dir='ltr'><em>τις</em></span> <span class='ocrx_word' id='word_1_209' title='bbox 732 1463 788 1496; x_wconf 78' lang='grc' dir='ltr'><em>ὑπ’</em></span> <span class='ocrx_word' id='word_1_210' title='bbox 816 1464 895 1505; x_wconf 84' lang='grc' dir='ltr'><em>ἐμοῦ</em></span> <span class='ocrx_word' id='word_1_211' title='bbox 923 1469 981 1495; x_wconf 89' lang='grc' dir='ltr'><em>τοῦ</em></span> <span class='ocrx_word' id='word_1_212' title='bbox 1006 1467 1086 1495; x_wconf 88' lang='grc' dir='ltr'><em>λαοῦ</em></span> <span class='ocrx_word' id='word_1_213' title='bbox 1109 1473 1190 1493; x_wconf 84' lang='grc' dir='ltr'><em>παν-</em></span> 
     </span>
    </p>

    <p class='ocr_par' dir='ltr' id='par_1_7' title="bbox 182 1515 1190 1559">
     <span class='ocr_line' id='line_1_28' title="bbox 182 1515 1190 1559; baseline -0.003 -10"><span class='ocrx_word' id='word_1_214' title='bbox 182 1519 246 1557; x_wconf 79' lang='grc' dir='ltr'><em>τός,</em></span> <span class='ocrx_word' id='word_1_215' title='bbox 266 1518 302 1554; x_wconf 88' lang='grc' dir='ltr'><em>ὃς</em></span> <span class='ocrx_word' id='word_1_216' title='bbox 321 1516 430 1549; x_wconf 78' lang='grc' dir='ltr'><em>οὐδέν’</em></span> <span class='ocrx_word' id='word_1_217' title='bbox 453 1517 623 1555; x_wconf 80' lang='grc' dir='ltr'><em>ἀπολείψει</em></span> <span class='ocrx_word' id='word_1_218' title='bbox 642 1522 700 1549; x_wconf 85' lang='grc' dir='ltr'><em>τοῦ</em></span> <span class='ocrx_word' id='word_1_219' title='bbox 719 1516 926 1559; x_wconf 81' lang='grc' dir='ltr'><em>Ἱεροβοάμου</em></span> <span class='ocrx_word' id='word_1_220' title='bbox 946 1515 1070 1556; x_wconf 80' lang='grc' dir='ltr'><em>γένους.</em></span> <span class='ocrx_word' id='word_1_221' title='bbox 1110 1518 1190 1556; x_wconf 83' lang='grc' dir='ltr'><em>μεθ-</em></span> 
     </span>
    </p>

    <p class='ocr_par' dir='ltr' id='par_1_8' title="bbox 182 1568 1190 1611">
     <span class='ocr_line' id='line_1_29' title="bbox 182 1568 1190 1611; baseline -0.003 -10"><span class='ocrx_word' id='word_1_222' title='bbox 182 1570 244 1607; x_wconf 83' lang='grc' dir='ltr'><em>έξει</em></span> <span class='ocrx_word' id='word_1_223' title='bbox 278 1569 313 1601; x_wconf 71' lang='grc' dir='ltr'><em>δὲ</em></span> <span class='ocrx_word' id='word_1_224' title='bbox 346 1575 403 1610; x_wconf 82' lang='grc' dir='ltr'><em>τῆς</em></span> <span class='ocrx_word' id='word_1_225' title='bbox 439 1572 596 1611; x_wconf 79' lang='grc' dir='ltr'><em>τιμωρίας</em></span> <span class='ocrx_word' id='word_1_226' title='bbox 633 1569 686 1601; x_wconf 81' lang='grc' dir='ltr'><em>καὶ</em></span> <span class='ocrx_word' id='word_1_227' title='bbox 723 1571 759 1601; x_wconf 90' lang='grc' dir='ltr'><em>τὸ</em></span> <span class='ocrx_word' id='word_1_228' title='bbox 797 1573 925 1609; x_wconf 83' lang='grc' dir='ltr'><em>πλῆθος</em></span> <span class='ocrx_word' id='word_1_229' title='bbox 963 1568 1098 1600; x_wconf 80' lang='grc' dir='ltr'><em>ἐκπεσὸν</em></span> <span class='ocrx_word' id='word_1_230' title='bbox 1132 1572 1190 1607; x_wconf 83' lang='grc' dir='ltr'><em>τῆς</em></span> 
     </span>
    </p>

    <p class='ocr_par' dir='ltr' id='par_1_9' title="bbox 181 1620 1188 1663">
     <span class='ocr_line' id='line_1_30' title="bbox 181 1620 1188 1663; baseline -0.001 -11"><span class='ocrx_word' id='word_1_231' title='bbox 181 1622 310 1662; x_wconf 79' lang='grc' dir='ltr'><em>ἀγαθῆς</em></span> <span class='ocrx_word' id='word_1_232' title='bbox 338 1628 397 1662; x_wconf 75' lang='grc' dir='ltr'><em>γῆς</em></span> <span class='ocrx_word' id='word_1_233' title='bbox 419 1622 472 1653; x_wconf 82' lang='grc' dir='ltr'><em>καὶ</em></span> <span class='ocrx_word' id='word_1_234' title='bbox 498 1621 677 1663; x_wconf 75' lang='grc' dir='ltr'><em>διασπαρὲν</em></span> <span class='ocrx_word' id='word_1_235' title='bbox 705 1623 751 1659; x_wconf 81' lang='grc' dir='ltr'><em>εἰς</em></span> <span class='ocrx_word' id='word_1_236' title='bbox 779 1623 855 1659; x_wconf 74' lang='grc' dir='ltr'><em>τοὺς</em></span> <span class='ocrx_word' id='word_1_237' title='bbox 882 1621 985 1662; x_wconf 81' lang='grc' dir='ltr'><em>πέραν</em></span> <span class='ocrx_word' id='word_1_238' title='bbox 1009 1620 1188 1661; x_wconf 78' lang='grc' dir='ltr'><em>Εὐφράτου</em></span> 
     </span>
    </p>

    <p class='ocr_par' dir='ltr' id='par_1_10' title="bbox 180 1674 1188 1767">
     <span class='ocr_line' id='line_1_31' title="bbox 180 1674 1188 1716; baseline -0.002 -10"><span class='ocrx_word' id='word_1_239' title='bbox 180 1676 312 1714; x_wconf 73' lang='grc' dir='ltr'><em>τόπους,</em></span> <span class='ocrx_word' id='word_1_240' title='bbox 329 1675 378 1706; x_wconf 74' lang='grc' dir='ltr'><em>ὅτι</em></span> <span class='ocrx_word' id='word_1_241' title='bbox 393 1681 462 1712; x_wconf 79' lang='grc' dir='ltr'><em>τοῖς</em></span> <span class='ocrx_word' id='word_1_242' title='bbox 476 1680 535 1705; x_wconf 79' lang='grc' dir='ltr'><em>τοῦ</em></span> <span class='ocrx_word' id='word_1_243' title='bbox 550 1674 708 1715; x_wconf 82' lang='grc' dir='ltr'><em>βασιλέως</em></span> <span class='ocrx_word' id='word_1_244' title='bbox 728 1675 907 1716; x_wconf 82' lang='grc' dir='ltr'><em>ἀσεβήμασι</em></span> <span class='ocrx_word' id='word_1_245' title='bbox 922 1674 1188 1714; x_wconf 81' lang='grc' dir='ltr'><em>κατηκολούθησε</em></span> 
     </span>
     <span class='ocr_line' id='line_1_32' title="bbox 252 1735 622 1767; baseline -0.003 -6"><span class='ocrx_word' id='word_1_246' title='bbox 252 1738 266 1767; x_wconf 68' lang='lat'>5</span> <span class='ocrx_word' id='word_1_247' title='bbox 281 1738 331 1761; x_wconf 76' lang='lat'><em>267</em></span> <span class='ocrx_word' id='word_1_248' title='bbox 353 1748 385 1756; x_wconf 89' lang='lat'>=</span> <span class='ocrx_word' id='word_1_249' title='bbox 406 1738 420 1760; x_wconf 88' lang='lat'><strong>3</strong></span> <span class='ocrx_word' id='word_1_250' title='bbox 436 1735 502 1767; x_wconf 76' lang='lat' dir='ltr'>Reg.</span> <span class='ocrx_word' id='word_1_251' title='bbox 520 1735 583 1760; x_wconf 71' lang='lat' dir='ltr'><em>xlv</em></span> <span class='ocrx_word' id='word_1_252' title='bbox 599 1738 622 1760; x_wconf 65' lang='grc' dir='ltr'><em>ε.</em></span> 
     </span>
    </p>
   </div>
   <div class='ocr_carea' id='block_1_7' title="bbox 1203 1682 1228 1700">
    <p class='ocr_par' dir='ltr' id='par_1_11' title="bbox 1203 1682 1228 1700">
     <span class='ocr_line' id='line_1_33' title="bbox 1203 1682 1228 1700; baseline 0 0"><span class='ocrx_word' id='word_1_253' title='bbox 1203 1682 1228 1700; x_wconf 79' lang='lat'><em>30</em></span> 
     </span>
    </p>
   </div>
   <div class='ocr_carea' id='block_1_8' title="bbox 1210 173 1251 386">
    <p class='ocr_par' dir='ltr' id='par_1_12' title="bbox 1210 173 1253 814">
     <span class='ocr_line' id='line_1_34' title="bbox 1246 173 1250 242; baseline 0 -56"><span class='ocrx_word' id='word_1_254' title='bbox 1246 173 1250 242; x_wconf 50' lang='grc' dir='ltr'><strong>ἓ</strong></span> 
     </span>
     <span class='ocr_line' id='line_1_35' title="bbox 1246 244 1251 307; baseline 0 0"><span class='ocrx_word' id='word_1_255' title='bbox 1246 244 1251 307; x_wconf 72' lang='grc' dir='ltr'>ἔ</span> 
     </span>
     <span class='ocr_line' id='line_1_36' title="bbox 1210 366 1222 386; baseline 0 428"><span class='ocrx_word' id='word_1_256' title='bbox 1210 366 1222 386; x_wconf 54' lang='lat'>5</span> 
     </span>
    </p>
   </div>
   <div class='ocr_carea' id='block_1_9' title="bbox 1210 891 1234 910">
    <p class='ocr_par' dir='ltr' id='par_1_13' title="bbox 1210 891 1234 910">
     <span class='ocr_line' id='line_1_37' title="bbox 1210 891 1234 910; baseline 0 0"><span class='ocrx_word' id='word_1_257' title='bbox 1210 891 1234 910; x_wconf 84' lang='lat'><em>15</em></span> 
     </span>
    </p>
   </div>
   <div class='ocr_carea' id='block_1_10' title="bbox 1247 814 1253 1416">
    <p class='ocr_par' dir='ltr' id='par_1_14' title="bbox 1247 814 1253 1416">
     <span class='ocr_line' id='line_1_38' title="bbox 1247 814 1253 1416; baseline 0 0"><span class='ocrx_word' id='word_1_258' title='bbox 1247 814 1253 1416; x_wconf 95' lang='lat' dir='ltr'><em> </em></span> 
     </span>
    </p>
   </div>
   <div class='ocr_carea' id='block_1_11' title="bbox 1242 1646 1244 1659">
    <p class='ocr_par' dir='ltr' id='par_1_15' title="bbox 1242 1646 1244 1659">
     <span class='ocr_line' id='line_1_39' title="bbox 1242 1646 1244 1659; baseline 0 0"><span class='ocrx_word' id='word_1_259' title='bbox 1242 1646 1244 1659; x_wconf 81' lang='lat'>1</span> 
     </span>
    </p>
   </div>
   <div class='ocr_carea' id='block_1_12' title="bbox 1240 1124 1248 1911">
    <p class='ocr_par' dir='ltr' id='par_1_16' title="bbox 1240 1124 1248 1911">
     <span class='ocr_line' id='line_1_40' title="bbox 1240 1124 1248 1911; baseline 0 0"><span class='ocrx_word' id='word_1_260' title='bbox 1240 1124 1248 1911; x_wconf 95' lang='lat' dir='ltr'><em> </em></span> 
     </span>
    </p>
   </div>
  </div>
 </body>
</html>
