1261 1917
200 93 215 122 1
220 91 261 122 58
565 93 723 117 APXAIOA
727 93 836 118 ΟΓΙΑΣ

199 171 361 209 Ναθάνας
384 170 437 202 καὶ
462 173 607 209 Βαναίας
631 172 648 203 ὁ
673 171 724 203 ἐπὶ
748 177 814 203 τῶν
838 172 1127 214 σωματοφυλάκων
1150 171 1204 203 καὶ

198 225 317 265 Σεμεῒς
345 224 362 256 ὁ
386 225 538 255 Δαυίδου
567 226 663 265 φίλος
691 223 744 255 καὶ
773 225 890 263 πάντες
914 226 948 256 015
969 225 1203 266 ἀνδρειότατοι.

198 277 306 316 <347>
330 281 388 308 τοῦ
413 276 442 308 δ’
467 276 605 308 Ἀδωνία
629 277 960 319 παρασκευασαμένου
985 279 1120 309 δεῖπνον
1144 277 1202 315 ἔξω

197 333 254 369 τῆς
272 330 396 366 πόλεως
415 330 500 371 παρὰ
521 330 580 370 τὴν
599 330 707 370 πηγὴν
725 330 785 370 τὴν
805 329 840 361 ἐν
858 334 902 373 τῷ
921 332 1078 372 βασιλικῷ
1101 340 1204 372 παρα-

197 382 310 424 δείσῳ,
342 381 395 412 καὶ
428 382 552 419 πάντας
581 381 777 419 καλέσαντος
807 384 883 419 τοὺς
913 383 1077 423 ἀδελφοὺς
1104 382 1230 424 χωρὶςὸ

197 436 405 474 Σολομῶνος,
429 435 677 475 παραλαβόντος
701 433 735 465 δὲ
759 434 812 466 καὶ
837 436 894 466 τὸν
918 436 1100 476 στρατηγὸν
1117 434 1203 467 Ἰώα-

197 488 257 526 βον
280 485 334 517 καὶ
351 485 552 528 Ἀβιάθαρον
576 486 628 518 καὶ
653 489 729 524 τοὺς
752 489 912 528 ἄρχοντας
936 493 993 529 τῆς
1010 487 1116 519 Ἰούδα
1141 501 1203 529 φυ-

196 542 254 578 λης
287 536 392 581 (οὗτοι
425 537 484 579 μὲν
516 539 635 576 πάντες
667 545 832 581 παρῆσαν,
865 542 941 577 τοὺς
975 539 1009 571 δὲ
1043 540 1117 581 περὶ
1146 542 1204 572 τὸν

196 590 347 632 ἀρχιερέα
368 591 528 622 Σάδωκον
547 591 600 623 καὶ
620 593 784 624 Ναθάναν
804 594 860 624 τὸν
880 594 1053 635 προφήτην
1072 592 1125 624 καὶ
1146 594 1203 624 τὸν

197 643 248 674 ἐπὶ
273 649 338 675 τῶν
362 641 651 685 σωματοφυλάκων
675 647 822 676 Βαναίαν
845 645 898 676 καὶ
922 646 1046 682 πάντας
1068 647 1146 682 τοὺς
1169 645 1203 677 ἐκ
1219 654 1244 673 10

196 701 253 737 τῆς
277 696 427 734 ἐναντίας
450 697 604 738 αΐρέσεως
628 698 686 729 οὐκ
711 697 862 729 ἐκάλεσεν
882 697 933 729 ἐπὶ
954 698 1013 737 τὴν
1033 697 1203 740 ἑστίασιν),

197 750 304 789 <348>
329 754 425 781 τοῦτο
449 751 531 790 πρὸς
554 751 613 790 τὴν
635 753 834 791 Σολομῶνος
857 751 1058 791 κατεμήνυσε
1081 750 1204 792 μητέρα

197 802 386 843 Βεερσαβὴν
415 803 577 840 Ναθάνας
605 803 621 834 ὁ
650 804 833 844 προφήτης,
862 803 905 840 ὡς
928 802 1085 840 Ἀδωνίας
1113 805 1204 843 βασι-

196 855 270 892 λεύς
299 854 366 886 ε’στι
394 854 448 886 καὶ
477 854 564 886 τοῦτ’
594 855 708 895 ἀγνοεῖ
729 856 892 895 Δαυίδης,
924 855 1146 896 συνεβούλευέ
1170 867 1203 887 τε

196 908 310 945 σώζειν
329 908 432 948 αὑτὴν
451 907 503 938 καὶ
524 909 582 939 τὸν
601 909 701 939 παῖδα
717 911 911 948 Σολομῶνα,
930 907 983 939 καὶ
1003 909 1085 950 πρὸς
1099 911 1203 939 Δαυί-
1219 917 1244 937 15

196 961 257 1000 δην
281 963 533 1001 προσελθοῦσαν
556 962 661 1001 μόνην
681 959 790 1000 λέγειν
813 961 857 997 ὡς
879 961 976 998 αὐτὸς
995 959 1056 1001 μὲν
1075 962 1203 1001 ὀμόσειε

195 1011 263 1052 μετ’
285 1013 386 1043 αὐτὸν
406 1015 589 1053 Σολομῶνα
613 1014 830 1053 βασιλεύσειν,
854 1014 973 1054 μεταξὺ
1000 1013 1029 1044 δ’
1050 1013 1205 1051 Ἀδωνίας

195 1065 255 1105 τὴν
278 1064 381 1107 ἀρχὴν
400 1066 462 1105 ἤδη
483 1065 674 1106 παραλάβοι.
712 1066 818 1105 <349>
838 1070 938 1096 ταῦτα
959 1064 993 1096 δὲ
1014 1071 1058 1108 τῷ
1078 1068 1207 1106 βασιλεῖ

196 1116 429 1158 διαλεγομένης
462 1118 479 1149 ὁ
507 1119 677 1158 προφήτης
706 1117 992 1149 ἐπεισελεύσεσθαι
1026 1117 1078 1149 καὶ
1107 1118 1205 1158 αὐτὸς

196 1171 296 1210 ἔφησε
329 1169 382 1201 καὶ
416 1176 483 1207 τοῖς
516 1172 626 1210 λόγοις
658 1171 758 1210 αὐτῆς
786 1170 1068 1212 ἐπιμαρτυρήσειν.
1114 1171 1134 1211 ἡ
1168 1169 1203 1202 δὲ
1218 1179 1241 1198 20

196 1223 363 1263 Βεερσαβὴ
382 1226 554 1253 πεισθεῖσα
578 1227 622 1265 τῷ
643 1223 787 1253 Ναθανα
810 1223 940 1264 παρεισι
964 1224 1046 1264 πρὸς
1069 1224 1127 1254 τὸν
1147 1225 1203 1264 βα-

196 1274 301 1315 σιλέα,
329 1274 382 1306 καὶ
407 1276 659 1316 προσκυνήσασα
682 1274 736 1306 καὶ
761 1277 860 1315 λόγον
884 1275 1082 1316 αἰτησαμένη
1106 1266 1201 1307 πάντ

195 1327 282 1369 αὐτῷ
301 1328 412 1365 καθὼς
432 1328 448 1359 ὁ
464 1329 634 1369 προφήτης
652 1327 793 1359 ὑπέθετο
814 1327 1020 1368 διεξερχεται,
1044 1329 1151 1368 <350>
1167 1330 1204 1360 τό

196 1391 229 1411 τε
249 1380 384 1411 δεῖπνον
403 1381 440 1411 τὸ
453 1379 591 1412 Ἀδωνία
610 1380 663 1411 καὶ
683 1382 760 1417 τοὺς
778 1379 833 1411 ὑπ’
855 1380 958 1411 αὐτοῦ
977 1380 1203 1422 κεκλημένους,

193 1431 392 1473 Ἀβιάθαρον
415 1434 474 1464 τὸν
497 1433 647 1475 ἀρχιερέα
671 1432 724 1464 καὶ
746 1432 878 1473 Ἰώαβον
902 1435 960 1464 τὸν
983 1434 1125 1474 ἄρχοντα
1148 1432 1201 1464 καὶ
1218 1442 1238 1461 ‘25

196 1487 272 1522 τοὺς
291 1486 384 1523 υῐοὺς
403 1485 505 1516 αὐτοῦ
524 1485 623 1527 χωρὶς
640 1488 839 1526 Σολομῶνος
858 1485 910 1516 καὶ
930 1491 996 1516 τῶν
1016 1485 1203 1525 ἀναγκαίων

196 1538 298 1569 αὐτοῦ
331 1539 452 1578 φίλων,
485 1539 664 1579 μηνύσασα.
717 1538 808 1578 ἔλεγέ
838 1550 871 1569 τε
899 1538 1004 1569 πάντα
1033 1539 1091 1569 τὸν
1122 1540 1203 1569 λαὸν

196 1590 326 1631 ἀφορᾶν
350 1592 422 1622 τίνα
446 1592 666 1631 χειροτονήσει
691 1590 839 1631 βασιλέα,
863 1590 1041 1631 παρακάλει
1065 1603 1098 1622 τε
1122 1592 1201 1622 κατὰ

195 1648 278 1673 νοῦν
302 1644 387 1683 ἔχειν
411 1643 454 1680 ὡς
478 1644 556 1684 μετὰ
580 1643 639 1682 τὴν
663 1643 853 1683 ἀπαλλαγὴν
881 1643 983 1674 αὐτοῦ
1007 1644 1202 1683 βασιλεύσας

196 1695 299 1734 αὐτήν
322 1707 354 1726 τε
379 1694 431 1726 καὶ
457 1698 640 1736 Σολομῶνα
665 1697 721 1727 τὸν
745 1696 820 1726 υἱὸν
843 1695 943 1735 αὐτῆς
967 1695 1144 1737 ἀναιρήσει.
1216 1703 1235 1722 3(

267 1758 281 1786 ξ
302 1758 351 1781 347
373 1769 404 1777 =
425 1758 440 1780 3
460 1755 527 1788 Reg.
547 1756 597 1781 19.
