1261 1917
525 67 645 91 ENATH
1026 64 1090 96 295

76 146 260 188 περιπεσὼν
281 145 425 186 Ἰώασος,
455 145 661 186 ἐπιθεμένων
689 146 777 188 αὐτῷ
801 151 867 177 τῶν
891 147 1000 186 φίλων
1023 151 1090 177 τῶν

78 201 259 241 Ζαχαρίου,
292 201 327 231 οἳ
356 201 415 231 τὸν
448 199 597 230 θάνατον
630 197 836 235 ἐκδικοῦντες
869 203 928 229 τοῦ
954 197 1089 230 Ἰωδάου

75 253 192 290 παιδὸς
217 251 459 293 ἐπεβούλευσαν
484 255 529 293 τῷ
553 252 696 291 βασιλεῖ,
730 251 898 291 διεφθάρη
927 252 1009 292 πρὸς
1033 251 1089 282 αὐ-

75 311 149 337 τῶν.
196 305 312 345 <1ῖ2>
337 303 388 336 καὶ
416 304 573 335 θάπτεται
604 301 664 344 μὲν
691 303 726 334 ἐν
747 302 1000 344 Ἱεροσολύμοις,
1030 305 1089 335 οὐκ

48 357 111 390 δέν
134 364 204 396 ταῖς
233 359 352 398 θήκαις
381 356 417 388 δὲ
445 362 511 388 τῶν
539 358 728 397 προγόνων,
757 356 876 397 ἀσεβὴς
903 358 1087 397 γενόμενος.

75 410 189 452 ἐβίωσε
209 409 240 442 δ’
263 412 316 451 ἔτη
337 409 416 442 ἑπτὰ
435 408 486 441 καὶ
509 409 757 450 τετταράκοντα,
781 409 841 450 τὴν
862 408 897 440 δὲ
917 411 1089 450 βασιλείαν

73 463 175 495 αὐτοῦ
200 462 383 504 διαδέχεται
407 461 562 503 ’Λμασίας
586 462 602 493 ὁ
627 467 712 499 παῖς.

139 517 246 556 <173>
272 517 406 557 εἰκοστῷ
431 513 467 546 δὲ
491 514 541 546 καὶ
568 515 684 558 πρώτω
711 516 773 546 ε”τει
798 519 855 555 τῆς
872 513 1006 546 Ἰωάσου
1030 517 1088 556 βα-

73 571 196 606 σιλείας
210 567 373 610 παρέλαβε
388 568 448 608 τὴν
463 573 530 599 τῶν
541 566 751 608 Ἰσραηλιτῶν
772 567 950 608 ἡγεμονίαν
963 566 1088 606 Ἰώαζος

34 622 89 654 1ῡὸ
118 627 176 653 τοῦ
202 621 288 662 Ἰηοῦ
321 621 393 658 υἷος
427 619 462 651 ἐν
492 622 677 662 Σαμαρείᾳ,
710 620 761 651 καὶ
798 619 953 661 κατέσχεν
984 621 1088 662 αὐτὴν

73 677 155 706 ἔτεσι
181 673 258 706 δέκα
282 673 335 705 καὶ
361 672 450 713 ἑπτά,
474 678 533 704 τοῦ
554 671 614 714 μὲν
633 674 755 714 πατρὸς
777 672 848 705 οὐδ’
872 673 971 711 αὐτὸς
990 686 1087 715 μιμη-

72 729 128 768 τὴς
157 729 346 768 γενόμενος,
380 726 542 767 ἀσεβήσας
571 725 600 756 δ’
633 726 692 757 ὅσα
721 724 771 757 καὶ
809 726 842 757 οἶ
870 732 993 767 πρῶτοι
1028 732 1087 758 τοῦ

72 783 154 811 θεοῦ
185 780 503 820 καταφρονήσαντες.
549 779 665 818 <1ῖ4>
695 777 891 810 ἐταπείνωσε
923 778 952 810 δ’
984 779 1086 811 αὐτὸν

71 832 123 864 καὶ
145 831 353 864 συνέστειλεν
378 831 411 862 ἐκ
435 836 492 872 τῆς
511 831 671 870 τοσαύτης
696 831 867 872 δυνάμεως
892 832 908 863 ὁ
931 837 997 863 τῶν
1017 833 1086 863 Σύ-

32 894 55 913 1⁵
70 897 138 926 ρων
162 886 316 926 βασιλεὺς
340 885 386 921 εἰς
410 884 544 921 ὁπλίτας
568 885 708 925 μυρίους
731 883 783 914 καὶ
807 885 1010 924 πεντήκοντα
1035 886 1085 917 [π-

68 944 149 975 πεῖς,
174 938 372 978 στρατεύσας
396 935 445 968 ἐπ’
468 936 579 976 αὐτόν,
603 935 657 967 καὶ
681 937 793 974 πόλεις
816 948 850 968 τε
870 937 1012 978 μεγάλας
1031 937 1084 969 καὶ

68 992 191 1028 πολλὰς
215 990 316 1022 αὐτὸν
340 989 543 1030 ἀφελόμενος
561 988 612 1020 καὶ
635 989 695 1029 τὴν
715 990 871 1030 στρατιὰν
891 990 993 1022 αὐτοῦ
1014 992 1085 1022 δια-

69 1045 220 1084 φθείρας.
267 1043 384 1083 <175>
409 1046 511 1073 ταῦτα
536 1041 566 1073 δ’
594 1043 719 1073 ἔπαθεν
746 1042 763 1074 ὁ
788 1048 854 1073 τῶν
875 1041 1085 1084 Ἰσραηλιτῶν

68 1098 146 1135 λαὸς
179 1097 259 1128 κατὰ
290 1096 350 1136 τὴν
378 1094 565 1127 Ἐλισσαίου
598 1097 817 1135 προφητείαν,
851 1094 898 1126 ὅτ’
930 1094 1085 1137 Ἀζάηλον

29 1158 54 1177 20
69 1150 278 1190 βασιλεύσειν
296 1154 432 1189 προεῖπε
452 1153 518 1179 τῶν
538 1148 661 1188 Σύρων
681 1146 732 1179 καὶ
752 1151 985 1189 Δαμασκηνῶν
1004 1149 1084 1181 ἀπο-

67 1204 239 1234 κτείναντα
263 1202 322 1233 τὸν
346 1202 518 1241 δεσπότην.
566 1200 612 1232 ὢν
637 1199 666 1232 δ’
695 1200 730 1232 ἐν
755 1200 891 1241 ἀπόροις
918 1202 1003 1234 οὕτω
1028 1215 1083 1234 κα-

68 1260 138 1292 κοῖς
162 1253 287 1292 Ἰώαζος
320 1253 371 1286 ε’πὶ
401 1253 515 1294 δέησιν
548 1252 600 1284 καὶ
631 1253 773 1285 ἱκετείαν
806 1258 864 1285 τοῦ
893 1257 976 1286 θεοῦ
1009 1267 1083 1287 κατ-

68 1307 181 1347 έφυγε,
202 1307 367 1347 ῥύσασθαι
382 1312 449 1338 τῶν
461 1305 616 1346 Ἀζαήλου
631 1312 751 1347 χειρῶν
766 1306 868 1338 αὐτὸν
883 1311 1083 1348 παρακαλῶν

67 1359 119 1391 καὶ
149 1360 192 1400 μή
221 1359 382 1400 περιιδεῖν
410 1357 465 1390 ὑπ’
493 1358 606 1402 ἐκείνῳ
631 1360 819 1399 γενόμενον.
867 1360 976 1400 <176>
1005 1361 1021 1392 ὁ
1047 1360 1082 1393 δὲ

28 1421 52 1441 25
67 1414 146 1450 θεὸς
169 1411 220 1443 καὶ
247 1412 307 1452 τὴν
331 1411 507 1453 μετάνοιαν
534 1411 578 1448 ὡς
602 1410 721 1452 ἀρετὴν
745 1411 999 1453 ἀποδεχόμενος,
1028 1414 1081 1446 καὶ

66 1469 239 1497 νουθετῶν
263 1467 389 1505 μᾶλλον
413 1465 490 1501 τοὺς
514 1463 736 1504 δυναμένους,
765 1464 882 1502 τελέως
910 1466 953 1506 μὴ
983 1466 1081 1499 ἀπολ-

67 1519 162 1550 λύναι
188 1518 310 1549 δοκοῦν
335 1517 433 1560 αὐτῷ,
458 1517 596 1548 δίδωσιν
616 1517 703 1559 αὐτῷ
723 1517 783 1558 τὴν
803 1517 837 1549 ἐκ
857 1522 916 1549 τοῦ
935 1519 1081 1561 πολέμου

66 1570 119 1602 καὶ
147 1576 213 1602 τῶν
242 1571 410 1601 κινδύνων
438 1570 561 1601 ἄδειαν.
610 1570 742 1610 εἰρήνης
771 1569 800 1601 δ’
829 1570 846 1610 ἡ
870 1571 959 1613 χώρα
984 1575 1081 1614 λαβο-

67 1623 147 1664 μένη
172 1622 337 1664 ἀνέδραμέ
359 1634 391 1654 τε
416 1623 516 1654 πάλιν
541 1623 587 1660 είς
611 1623 671 1663 τὴν
695 1622 858 1665 προτέραν
882 1625 1081 1658 κατάστασιν

27 1685 52 1704 ³0
67 1675 119 1708 καὶ
146 1676 323 1716 ηὐθήνησε.

138 1740 151 1767 ξ
169 1739 218 1762 172
235 1749 267 1758 =
283 1739 297 1761 ⁴2
314 1735 404 1762 Paral.
421 1734 510 1762 XXIV
525 1738 567 1762 25.
642 1738 656 1766 ξ
674 1739 722 1762 173
740 1750 771 1759 =
787 1740 803 1763 4
819 1737 885 1771 Reg.
901 1738 965 1763 ΧῘΠ
978 1741 999 1764 1.

1108 524 1123 547 5
