1261 1917
151 50 217 81 330
520 53 791 77 APXAIOAomAz
1070 46 1086 61 ⁸

151 135 260 162 πᾶσαν
283 131 342 171 τὴν
365 132 485 173 χώραν,
509 133 633 173 χρυσὸν
656 131 710 163 καὶ
734 133 880 173 ἄργυρον
903 134 979 170 τοὺς
1003 131 1161 173 βουλομέ-

152 195 233 220 νους
257 183 405 215 ἐκέλευσε
428 186 571 225 κομίζειν
600 186 646 222 εἰς
672 184 845 224 ἐπισκευὴν
872 189 931 216 τοῦ
955 190 1053 225 ναοῦ,
1081 186 1161 216 ὅσον

152 248 201 273 τις
220 235 239 276 ’ἢ
254 235 474 278 προαιρέσεως
492 236 511 277 ἢ
532 237 702 278 δυνάμεως
722 239 797 278 ἔχοι.
834 238 918 277 <55>
933 237 1161 278 κομισθέντων

152 287 188 319 δὲ
213 294 278 319 τῶν
301 289 484 330 χρημάτων,
508 294 565 330 τῆς
585 289 768 331 ἐπιμελείας
786 295 845 321 τοῦ
864 295 946 322 ναοῦ
965 289 1018 321 καὶ
1039 296 1095 331 τῆς
1114 291 1161 328 εἰς

152 346 248 373 τοῦτο
273 342 420 382 δαπάνης
442 343 626 383 προύστησε
650 344 708 374 τόν
728 341 757 374 τ’
779 342 831 374 ε’πὶ
850 348 907 383 τῆς
925 344 1049 380 πόλεως
1066 342 1160 384 Ἀμα-
1174 353 1187 372 5

152 396 228 425 σίαν
251 394 304 425 καὶ
329 396 386 426 τὸν
410 395 598 436 γραμματέα
622 397 745 436 Σαφάν
772 395 826 427 καὶ
853 397 911 427 τὸν
938 395 1066 437 γραφέα
1094 401 1161 427 τῶν

152 447 395 488 ὑπομνημάτων
407 446 540 487 Ἰωάτην
559 447 612 478 καὶ
632 449 690 479 τὸν
709 448 860 489 ἀρχιερέα
876 447 1054 480 Ἐλιακίαν·
1077 449 1161 488 (56)

153 501 187 530 οἳ
203 498 306 540 μηδὲν
325 499 501 541 ὑπερθέσει
522 499 597 541 μηδ’
620 500 765 541 ἀναβολῇ
785 501 908 540 δόντες,
932 500 1161 542 ἀρχιτέκτονας

151 551 205 583 καὶ
229 551 329 583 πάνθ’
359 553 419 583 ὅσα
442 553 524 593 πρὸς
547 552 607 592 τὴν
628 552 801 592 ἐπισκευὴν
820 554 960 593 χρήσιμα
979 561 1161 594 παρασκευ-

153 605 303 644 άσαντες,
332 608 458 645 εἴχοντο
487 610 553 636 τῶν
581 606 695 646 ἔργων.
741 604 794 636 καὶ
823 605 840 636 ὁ
869 603 929 646 μὲν
956 606 1035 642 ναὸς
1058 606 1161 643 οὕτως
1176 615 1201 634 10

153 657 402 694 ἐπισκευασθεὶς
433 658 493 697 τὴν
526 662 584 689 τοῦ
618 657 777 698 βασιλέως
809 657 979 698 εὐσέβειαν
1013 659 1161 699 φανερὰν

117 718 124 729 ⁶
154 709 318 749 ἐποίησεν·
349 711 433 750 <57>
458 711 579 750 ὄγδοον
603 709 632 741 δ’
659 711 721 750 ἤδη
744 709 798 741 καὶ
828 709 964 741 δέκατον
990 714 1047 750 τῆς
1070 712 1162 750 βασι-

152 764 241 799 λείας
265 764 336 800 ἔτος
362 764 445 803 ἔχων
473 763 589 804 πέμπει
618 764 699 803 πρὸς
719 762 885 794 Ἐλιακίαν
913 763 971 793 τὸν
999 762 1162 804 ἀρχιερέα,

152 816 295 846 κελεύων
314 816 350 846 τὸ
366 817 519 856 περιττὸν
533 821 600 847 τῶν
614 816 788 856 χρημάτων
802 816 1011 856 χωνεύσαντα
1028 820 1161 856 ποιῆσαι

152 873 315 909 κρατῆρας
338 867 391 899 καὶ
416 869 573 899 σπονδεῖα
597 867 649 899 καὶ
675 868 796 908 φιάλας
826 868 872 905 εἰς
895 868 955 907 τὴν
979 868 1161 907 διακονίαν,
1176 876 1201 896 15

153 922 199 952 ἔτι
225 919 261 952 δὲ
284 920 337 952 καὶ
362 921 438 957 ὅσος
462 920 503 951 ἂν
527 918 546 962 ᾖ
565 922 685 961 χρυσὸς
710 920 745 951 ἐν
769 926 837 957 τοῖς
856 923 1040 961 θησαυροῖς
1063 919 1082 960 ἢ
1105 921 1162 961 ἄρ-

153 985 268 1015 γυρος,
300 972 353 1004 καὶ
386 978 504 1004 τοῦτον
536 975 780 1014 προκομίσαντα
814 974 860 1010 εἰς
890 974 967 1009 τοὺς
998 977 1162 1013 κρατῆρας

153 1026 274 1066 ὁμοίως
301 1024 355 1056 καὶ
383 1026 422 1056 τὰ
445 1030 579 1056 τοιαῦτα
608 1026 705 1065 σκεύη
730 1026 924 1065 δαπανῆσαι.
970 1025 1056 1065 <58>
1082 1036 1161 1066 προ-

152 1080 293 1119 κομίζων
308 1076 344 1109 δὲ
359 1079 417 1109 τὸν
436 1079 560 1118 χρυσὸν
578 1078 594 1109 ὁ
610 1078 779 1119 ἀρχιερεὺς
791 1076 952 1114 Ἐλιακίας
971 1077 1160 1118 ἐντυγχάνει
1202 1115 1208 1119 Ι

153 1137 225 1168 ταῖς
242 1131 345 1171 ἱεραῖς
364 1132 491 1171 βίβλοις
510 1136 581 1167 ταῖς
600 1130 763 1167 Μωυσέος
783 1129 819 1161 ἐν
837 1134 882 1172 τῷ
901 1134 969 1172 ναῷ
988 1128 1161 1170 κειμέναις,
1176 1139 1201 1158 20

153 1182 207 1215 καὶ
239 1185 441 1224 προκομίσας
472 1184 587 1214 δίδωσι
620 1187 664 1225 τῷ
697 1188 879 1224 γραμματεῖ
905 1182 1036 1222 Σαφάν.
1082 1182 1099 1214 ὃ
1128 1181 1158 1213 δ’

153 1236 318 1276 ἀναγνοὺς
337 1238 550 1276 παραγίνεται
569 1237 651 1275 πρὸς
667 1236 725 1267 τὸν
740 1234 885 1275 βασιλέα,
904 1233 958 1265 καὶ
976 1233 1078 1266 πάνθ’
1102 1235 1161 1266 ὅσα

153 1289 315 1320 κελεύσειε
334 1288 491 1328 γενέσθαι
511 1288 603 1325 τέλος
623 1289 738 1329 ἔχοντα
761 1287 891 1327 ἐδήλου,
914 1287 1109 1328 παρανέγνω
1128 1286 1158 1318 δ’

153 1341 241 1383 αὐτῷ
255 1340 307 1372 καὶ
324 1342 381 1378 τὰς
401 1343 545 1382 βίβλους.
579 1341 665 1382 <59>
685 1341 827 1378 ἀκούσας
842 1339 878 1371 δὲ
897 1339 949 1371 καὶ
968 1339 1161 1381 περιρρηξά-

154 1406 252 1434 μενος
275 1394 334 1434 τὴν
359 1393 493 1434 ἐσθῆτα,
516 1395 575 1425 τὸν
594 1393 746 1435 ἀρχιερέα
769 1392 907 1430 καλέσας
923 1392 1087 1424 Ἐλιακίαν
1106 1391 1160 1423 καὶ
1175 1401 1201 1421 25

153 1446 256 1478 αὐτὸν
284 1447 342 1477 τὸν
370 1446 558 1487 γραμματέα
585 1445 639 1477 καὶ
667 1452 734 1477 τῶν
761 1445 1026 1485 ἀναγκαιοτάτων
1054 1447 1161 1485 φίλων

154 1500 246 1536 τινὰς
274 1500 394 1540 ἔπεμψε
422 1500 504 1540 πρὸς
528 1499 588 1539 τὴν
615 1503 781 1539 προφῆτιν
802 1497 932 1537 Ὀλδάν,
959 1503 1098 1537 γυναῖκα
1125 1496 1161 1528 δὲ

155 1553 365 1592 Σαλλούμου,
389 1557 455 1583 τῶν
479 1551 514 1582 ἐν
539 1552 617 1592 δόξῃ
641 1553 730 1588 τινὸς
753 1550 807 1582 καὶ
832 1549 875 1581 δι’
902 1549 1071 1590 εὐγένειαν
1094 1549 1162 1581 ε’πι-

153 1609 292 1645 φανοῦς,
316 1603 369 1635 καὶ
393 1605 641 1645 προσελθόντας
664 1603 790 1635 ἐκέλευε
814 1602 947 1642 [λέγειν]
969 1603 1161 1634 ἱλάσκεσθαι

153 1658 212 1688 τὸν
234 1658 317 1688 θεὸν
340 1655 393 1687 καὶ
417 1659 595 1697 πειρᾶσθαι
618 1661 727 1687 ποιεῖν
746 1656 877 1696 εὐμενῆ·
903 1654 976 1692 δεός
996 1656 1056 1697 γὰρ
1077 1653 1160 1686 εἶναι
1176 1664 1202 1683 30

225 1720 238 1749 ξ
255 1720 286 1743 55
303 1730 335 1739 =
351 1720 366 1743 4
382 1717 449 1750 Reg.
464 1716 540 1743 XXII
556 1720 584 1749 3;
604 1720 619 1742 2
635 1716 725 1742 Paral.
741 1716 855 1742 XXXIV
870 1717 894 1742 8.
