1261 1917
61 375 73 394 5

48 640 75 660 10

48 905 74 925 15

50 1167 76 1186 20

531 67 655 92 ΟΓΔΟΗ
1040 62 1101 92 189

86 153 270 191 θησαυροῖς
298 153 356 180 τοῦ
385 151 478 179 θεοῦ.
528 145 701 188 περιέβαλε
729 143 766 177 δὲ
794 149 853 176 τοῦ
885 148 965 175 ναοῦ
993 143 1101 186 κύκλῳ

87 204 213 244 γείσιον
237 200 297 243 μὲν
320 202 401 232 κατὰ
425 201 485 241 τὴν
509 199 686 241 ἐπιχώριον
710 201 873 239 γλῶτταν,
899 197 1042 238 θριγκὸν
1066 194 1102 227 δὲ

86 254 162 296 παρ’
181 254 315 295 Ἕλλησι
341 256 530 295 λεγόμενον,
555 254 602 290 εἰς
620 258 709 293 τρεῖς
726 252 841 292 πήχεις
865 250 1042 290 ἀναγαγὼν
1066 251 1101 280 τὸ

86 308 180 348 ὕψος,
205 308 354 349 εἴρξοντα
379 306 439 348 μὲν
457 308 535 344 τοὺς
558 307 701 342 πολλοὺς
725 309 783 345 τῆς
805 305 852 341 εἰς
871 305 907 335 τὸ
928 303 1019 343 ἱερὸν
1038 303 1102 333 εἰσἶ

88 361 184 401 όδου,
212 362 327 402 μόνοις
356 360 385 392 δ’
415 358 591 401 ἀνειμένην
619 359 723 399 αὐτὴν
751 363 821 395 τοῖς
849 357 971 398 ἱερεῦσι
1001 364 1102 396 σημα-

87 419 219 446 νοῦντα.
266 414 352 454 (96)
377 414 496 445 τούτου
520 411 550 444 δ’
573 412 698 450 ἔξωθεν
723 412 813 452 ἰερὸν
837 409 1048 453 ᾠκοδόμησεν
1067 408 1103 439 ἐν

87 468 296 508 τετραγώνου
321 468 475 508 σχήματι,
504 466 602 502 στοάς
626 464 754 505 ἐγείρας
780 463 922 505 μεγάλας
945 461 999 494 καὶ
1023 464 1103 493 πλα-

87 522 175 558 τείας
197 519 252 551 καὶ
275 521 396 557 πύλαις
414 520 557 560 ὑψηλαῖς
575 517 794 561 ἀνεῳγμένας,
818 514 866 548 ὧν
885 515 1002 556 ἑκάστη
1022 516 1105 555 πρὸς

88 573 226 606 ἕκαστον
250 579 317 604 τῶν
341 572 472 614 ἀνέμων
497 571 671 613 ἐτέτραπτο
691 576 828 612 χρυσαῖς
846 568 1018 610 κλειομένη
1042 568 1105 599 θύ-

88 638 170 668 ραις.
207 627 255 664 εἰς
273 630 370 657 τοῦτο
390 630 449 657 τοῦ
465 629 546 657 λαοῦ
565 625 685 661 πάντες
704 624 738 655 οἱ
756 622 971 664 διαφέροντες
990 621 1105 662 ἁγνείᾳ

88 679 139 710 καὶ
166 680 387 720 παρατηρήσει
412 684 478 710 τῶν
501 680 653 719 νομίμων
676 678 820 718 εἰσῇσαν.
865 676 952 715 <97>
974 678 1105 715 θαυμα-

89 734 170 764 στὸν
189 731 225 764 δὲ
244 731 298 763 καὶ
319 734 420 772 λόγου
439 732 562 768 παντὸς
581 730 729 771 ἀπέφηνε
749 731 869 770 μεῖζον,
889 728 933 766 ὡς
952 727 982 758 δ’
1001 729 1106 759 εἰπεῖν

89 785 140 817 καὶ
168 790 226 826 τῆς
249 786 365 825 ὅψεως,
389 786 426 816 τὸ
450 785 577 816 τούτων
599 784 725 822 ἔξωθεν
749 783 852 823 ἱερόν·
877 781 1019 822 μεγάλας
1044 781 1104 820 γὰρ

91 838 235 880 ἐγχώσας
259 839 441 880 φάραγγας,
465 837 504 875 ἃς
523 838 578 868 διὰ
598 837 704 878 βάθος
723 836 860 876 ἄπειρον
879 833 951 865 οὐδ’
974 833 1106 870 ἀπόνως

91 891 308 929 ἐννεύσαντας
331 889 373 932 ἦν
395 892 490 930 ἰδεῖν,
513 889 567 921 καὶ
587 889 790 930 ἀναβιβάσας
809 889 856 925 εἰς
875 887 1106 929 τετρακοσίους

90 946 202 986 πήχεις
226 946 261 976 τὸ
286 945 384 984 ὕψος,
413 942 590 980 ἰσοπέδους
617 946 654 983 τῇ
678 946 808 983 κορυφῇ
833 945 892 972 τοῦ
916 942 1026 982 ὅρους,
1050 937 1102 980 ἐφ’

89 995 128 1038 ἧς
147 998 164 1030 ὁ
179 999 258 1035 ναὸς
278 997 478 1041 ᾠκοδόμητο,
497 996 723 1032 κατεσκεύασε,
742 994 796 1026 καὶ
817 995 871 1026 διὰ
892 993 988 1025 τοῦθ’
1010 994 1105 1026 ὕπαι-

89 1053 177 1091 θρον
200 1051 240 1082 ὃν
263 1052 299 1082 τὸ
325 1050 449 1088 ἔξωθεν
473 1050 564 1091 ἱερὸν
589 1052 662 1080 ἴσον
686 1049 811 1089 ὑπῆρχε
834 1052 879 1090 τῷ
903 1052 978 1090 ναῷ.
1021 1048 1106 1088 <98>

90 1103 326 1145 περιλαμβάνει
346 1102 376 1134 δ’
394 1103 474 1134 αὐτὸ
494 1101 548 1134 καὶ
568 1108 680 1139 στοαῖς
700 1103 832 1138 διπλαῖς
851 1099 912 1142 μὲν
930 1101 991 1141 τὴν
1009 1113 1105 1132 κατα-

91 1158 226 1197 σκευήν,
259 1158 361 1188 λίθου
392 1155 421 1187 δ’
453 1156 643 1197 αὐτοφυοῦς
676 1156 712 1186 τὸ
743 1155 828 1192 ὕψος
856 1156 964 1185 κίοσιν
993 1153 1106 1194 ἐπερη-

91 1209 289 1250 ρεισμέναις·
318 1208 440 1250 ὀροφαὶ
464 1208 495 1240 δ’
522 1209 637 1246 αὐταῖς
660 1206 744 1249 ἦσαν
773 1207 808 1239 ἐκ
830 1207 952 1248 κέδρου
976 1208 1106 1248 φατνώ-

91 1271 191 1303 μασιν
215 1262 435 1303 ἀνεξεσμέναι.
481 1263 538 1299 τὰς
562 1261 598 1293 δὲ
617 1263 726 1302 θύρας
749 1266 794 1304 τῷ
819 1261 895 1303 ἴερῴ
918 1261 1022 1304 τούτῳ
1047 1261 1107 1292 πά-

91 1325 150 1353 σας
175 1315 350 1355 ἐπέστησεν
375 1315 406 1353 ἐξ
431 1315 589 1357 ἀργύρου.

158 1370 243 1409 <99>
273 1370 312 1400 τὰ
340 1367 400 1410 μὲν
429 1366 490 1400 οὖν
519 1369 597 1409 ἔργα
625 1373 727 1399 ταῦτα
754 1367 806 1399 καὶ
837 1369 876 1399 τὰ
904 1366 1028 1408 μεγέθη
1053 1365 1106 1398 καὶ

66 1422 192 1462 εκάλλη
223 1427 288 1453 τῶν
317 1421 345 1453 τ’
376 1422 648 1462 οἰκοδομημάτων
679 1420 731 1452 καὶ
766 1427 833 1452 τῶν
862 1422 909 1458 εἰς
936 1422 995 1452 τὸν
1025 1421 1108 1451 ναὸν

93 1475 318 1516 ἀναθημάτων
338 1475 502 1516 Σολομὼν
526 1475 542 1506 ὁ
567 1476 721 1516 βασιλεὺς
745 1474 781 1506 ἐν
805 1476 912 1506 ἔτεσιν
931 1473 1010 1505 ἑπτὰ
1030 1482 1107 1505 συν-

91 1527 234 1567 τελέσας,
258 1527 311 1559 καὶ
335 1529 481 1560 πλούτου
504 1527 558 1559 καὶ
582 1529 773 1569 προθυμίας
795 1527 953 1565 ἐπίδειξιν
972 1527 1108 1567 ποιησαι

94 1592 191 1622 μενος
206 1580 289 1612 ὥσθ’
308 1581 328 1612 ἃ
348 1581 389 1612 ἄν
403 1593 453 1618 τις
473 1581 555 1612 ἰδὼν
575 1580 727 1621 ἐνόμισεν
749 1580 870 1621 (μόλις)
891 1579 927 1611 ἐν
946 1585 990 1623 τῷ
1009 1579 1105 1611 παντὶ

93 1637 400 1675 κατασκευασθῆναι
420 1635 540 1677 χρόνῳ,
559 1633 650 1665 ταῦτ’
669 1633 705 1665 ἐν
724 1634 829 1671 οὕτως
849 1634 949 1677 ὀλίγῳ
970 1635 1052 1674 πρὸς
1072 1635 1107 1664 τὸ

54 1695 80 1715 ³0
95 1687 234 1728 μέγεθος
249 1687 495 1730 συγκρινομένςο
511 1691 569 1718 τοῦ
587 1692 668 1718 ναοῦ
684 1690 970 1728 συμπερανθῆναι,
981 1687 1109 1727 γράψας

165 1751 179 1780 ξ,
200 1751 231 1774 95
254 1761 284 1770 =
306 1751 320 1773 3
337 1748 404 1781 Reg.
420 1748 471 1773 VH
487 1752 533 1779 513
554 1751 569 1774 2
585 1748 675 1773 Par-al.
692 1749 715 1774 V
734 1752 755 1774 1.
