1261 1917
530 66 654 91 omon
1037 65 1100 96 227

86 146 139 178 καὶ
163 147 240 183 τοὺς
264 145 319 177 ὑπ’
346 146 449 177 αὐτοῦ
474 146 672 188 γενομένους
695 152 877 187 προσκυνεῖ
898 147 1014 184 θεούς,
1040 148 1101 188 τὴν

87 199 166 240 ἐμὴν
199 200 324 230 θυσίαν
357 198 582 238 ἐγκαταλιπόν.
633 200 750 240 <272>
781 201 822 230 σὺ
856 198 904 239 δ’,
937 198 961 231 ὦ
991 201 1100 240 γύναι,

86 251 176 284 ταῦτ’
208 252 439 292 ἀπαγγελοῦσα
468 252 588 283 σπεῦδε
616 253 698 293 πρὸς
726 253 784 283 τὸν
812 252 928 293 ἄνδρα.
978 254 1037 284 τὸν
1066 252 1097 284 δ’

86 306 160 337 υἶὸν
184 306 363 345 κατειλήφει
386 306 582 345 τεθνηκότα·
608 309 668 336 σοῦ
693 306 755 347 γὰρ
781 306 947 345 εἰσιούσης
969 306 1015 342 εἰς
1040 306 1100 346 τὴν

58 367 70 387 ⁵
85 360 182 390 πόλιν
201 358 372 395 ἀπολείψει
392 359 427 390 τὸ
448 360 505 399 ζῆν
525 359 635 390 αὐτόν.
672 360 851 399 ταφήσεται
870 357 905 389 δὲ
920 357 1100 396 κλαυσθεὶς

84 412 146 443 ὑπὸ
171 416 229 443 τοῦ
253 411 405 451 πλήθους
428 413 560 449 παντός,
584 415 684 454 κοινῷ
708 410 860 452 τιμηθεὶς
885 410 1015 442 πένθει·
1044 410 1098 442 καὶ

83 464 144 505 γὰρ
168 465 269 505 μόνος
293 469 359 495 τῶν
384 463 418 494 ἐκ
442 468 500 495 τοῦ
521 463 732 505 Ἱεροβοάμου
756 464 874 504 γένους
893 463 1020 504 ἀγαθὸς
1044 462 1099 495 οὗ·

83 529 137 555 τος
162 515 222 558 ἧν.’
268 518 376 557 <273>
400 515 490 548 ταῦτ’
518 517 620 548 αὐτοῦ
644 518 935 558 προφητεύσαντος
960 517 1098 558 ἐκπηδή-

83 579 165 602 σασα
187 570 204 610 ἡ
226 570 309 610 γυνὴ
330 569 551 611 τεταραγμένη
571 569 624 601 καὶ
644 575 688 613 τῷ
708 575 766 602 τοῦ
787 570 962 612 εἰρημένου
981 571 1099 607 παιδὸς

44 633 68 652 ιο
83 623 217 666 θανάτῳ
245 623 438 663 περιαλγής,
470 626 644 663 θρηνοῦσα
678 624 732 654 διὰ
762 628 819 664 τῆς
847 623 928 655 ὁδοῦ
956 622 1009 654 καὶ
1038 623 1098 663 τὴν

81 675 269 717 μέλλουσαν
292 680 351 707 τοῦ
374 675 492 707 τέκνου
515 676 698 718 κοπτομένη
724 677 888 716 τελευτήν,
913 676 1015 707 ἀθλία
1039 680 1098 707 τοῦ

81 729 214 766 πάθους
237 728 387 768 ἠπείγετο
415 734 528 766 κακοῖς
551 729 731 770 ἀμηχάνοις
755 728 808 760 καὶ
833 730 961 770 σπουδῇ
987 729 1100 770 ἀτυχεῖ

81 780 142 823 μὲν
156 781 306 823 χρωμένη
323 782 377 813 διὰ
397 783 455 813 τὸν
476 783 550 814 υἱόν
570 781 698 824 (ἔμελλε
713 783 774 822 γὰρ
791 781 892 813 αὐτὸν
908 781 1097 822 ἐπειχθεῖσα

82 838 207 866 θᾶττον
231 836 373 872 ὄψεσθαι
398 834 529 877 νεκρόν)
560 835 722 877 ἀναγκαία
751 833 787 866 δὲ
816 835 871 866 διὰ
898 836 956 866 τὸν
980 835 1096 875 ἄνδρα.

42 899 66 918 15
81 887 134 919 καὶ
158 887 409 929 παραγενομένη
434 889 492 919 τὸν
516 887 576 929 μὲν
597 887 847 927 ἐκπεπνευκότα,
871 888 984 925 καθὼς
1006 885 1097 919 εἶπεν

81 941 98 973 ὁ
122 942 302 982 προφήτης,
329 938 417 982 ηὗρε,
441 946 485 984 τῷ
510 939 546 972 δὲ
569 943 701 982 βασιλεῖ
721 941 828 972 πάντα
852 940 1060 981 ἀπήγγειλεν.

146 995 260 1034 <274>
288 993 494 1035 Ἱεροβόαμος
522 993 552 1025 δ’
584 994 721 1031 οὐδενὸς
749 994 876 1025 τούτων
904 995 1096 1035 φροντίσας,

79 1047 205 1087 πολλὴν
233 1046 396 1087 ἀθροίσας
424 1048 581 1088 στρατιὰν
613 1046 665 1078 ἐπὶ
693 1048 752 1078 τὸν
776 1046 956 1088 Ῥοβοάμου
984 1048 1096 1085 παῖδα,

79 1106 146 1131 τῶν
170 1100 230 1131 δύο
255 1102 373 1140 φυλῶν
397 1100 456 1140 τὴν
479 1102 651 1140 βασιλείαν
675 1104 734 1131 τοῦ
758 1101 880 1141 πατρὸς
907 1099 1096 1141 διαδεξάμε-

39 1163 64 1182 20
81 1165 155 1192 νον,
181 1151 294 1193 Ἀβίαν
319 1152 547 1194 ἐξεστράτευσε
576 1154 783 1194 πολεμήσων·
812 1154 1007 1194 κατεφρόνει
1032 1154 1094 1194 γὰρ

80 1206 182 1237 αὐτοῦ
207 1206 262 1237 διὰ
286 1207 345 1246 τὴν
370 1206 509 1246 ἡλικίαν.
556 1207 573 1238 ὃ
594 1205 624 1237 δ’
647 1206 790 1244 ἀκούσας
809 1207 870 1246 τὴν
891 1206 1015 1247 ἔφοδον
1035 1206 1095 1246 τὴν

75 1259 285 1300 Ἱεροβοάμου
313 1260 394 1300 πρὸς
423 1259 526 1299 αὐτὴν
554 1259 595 1291 οὐ
623 1260 822 1300 κατεπλάγη,
856 1260 1033 1300 γενόμενος
1061 1258 1092 1290 δ’

80 1311 188 1343 ἐπάνω
212 1311 266 1343 καὶ
290 1316 346 1353 τῆς
368 1313 518 1352 νεότητος
536 1317 580 1355 τῷ
601 1314 788 1353 φρονήματι
807 1311 862 1343 καὶ
886 1316 943 1352 τῆς
963 1311 1095 1349 ἐλπίδος

79 1369 138 1396 τοῦ
166 1366 340 1406 πολεμίου,
369 1366 524 1405 στρατιὰν
553 1365 701 1403 ἐπιλέξας
729 1365 764 1396 ἐκ
792 1371 858 1396 τῶν
887 1365 948 1395 δύο
977 1367 1095 1404 φυλῶν

39 1426 64 1446 ²5
80 1418 245 1458 ἀπήντησε
276 1423 319 1461 τῷ
344 1417 539 1461 Ἱεροβοάμῳ
573 1419 619 1455 είς
651 1420 753 1450 τόπον
786 1419 860 1449 τινὰ
889 1418 1095 1458 καλούμενον

79 1472 155 1511 ὅρος
184 1472 362 1512 Σεμαρών,
390 1470 444 1502 καὶ
473 1471 837 1512 στρατοπεδευσάμενος
867 1470 964 1511 ἐγγὺς
992 1470 1094 1502 αὐτοῦ

79 1524 117 1555 τὰ
140 1525 222 1565 πρὸς
247 1524 306 1564 τὴν
330 1524 437 1565 μάχην
464 1524 661 1565 ηὐτρέπιζεν.
709 1524 817 1565 <275>
840 1521 879 1564 ἧν
903 1522 933 1554 δ’
956 1523 974 1564 ἡ
995 1524 1094 1554 δύνα-

79 1589 132 1617 μις
152 1577 254 1609 αὐτοῦ
274 1577 432 1618 μυριάδες
450 1577 699 1619 τετταράκοντα,
718 1576 738 1617 ἡ
759 1575 795 1608 δὲ
814 1581 872 1608 τοῦ
883 1575 1094 1618 Ἱεροβοάμου

80 1630 212 1670 στρατιὰ
246 1631 430 1662 διπλασίων
464 1630 597 1671 ἐκείνης.
651 1630 696 1668 ὡς
728 1629 764 1661 δὲ
797 1631 836 1661 τὰ
869 1630 1093 1671 στρατεύματα

41 1683 161 1722 ωπρὸς
188 1680 290 1724 τᾶργα
318 1682 371 1714 καὶ
400 1685 477 1721 τοὺς
504 1684 684 1721 κινδύνους
716 1683 1006 1724 ἀντιπαρετάττετο
1038 1681 1093 1713 καὶ

150 1745 164 1774 5
179 1745 230 1769 272
250 1756 282 1765 =
304 1746 319 1768 3
334 1744 481 1778 Reg.X1V
499 1747 538 1770 12.
612 1747 626 1776 ς
642 1746 693 1770 274
714 1757 747 1766 =
767 1746 781 1769 ι»
797 1743 889 1770 Pax-al.
904 1743 968 1769 xm
983 1746 1007 1770 2,

877 1787 928 1813 15*

1116 1004 1131 1026 N)
