<?xml version="1.0" encoding="UTF-8"?>
<!DOCTYPE html PUBLIC "-//W3C//DTD XHTML 1.0 Transitional//EN"
    "http://www.w3.org/TR/xhtml1/DTD/xhtml1-transitional.dtd">
<html xmlns="http://www.w3.org/1999/xhtml" xml:lang="en" lang="en">
 <head>
  <title>
</title>
<meta http-equiv="Content-Type" content="text/html;charset=utf-8" />
  <meta name='ocr-system' content='tesseract 3.04.00' />
  <meta name='ocr-capabilities' content='ocr_page ocr_carea ocr_par ocr_line ocrx_word'/>
</head>
<body>
  <div class='ocr_page' id='page_1' title='image "./flaviiiosephiope02joseuoft_0094.png"; bbox 0 0 1261 1917; ppageno 0'>
   <div class='ocr_carea' id='block_1_1' title="bbox 127 1602 142 1624">
    <p class='ocr_par' dir='ltr' id='par_1_1' title="bbox 127 1602 142 1624">
     <span class='ocr_line' id='line_1_1' title="bbox 127 1602 142 1624; baseline 0 0"><span class='ocrx_word' id='word_1_1' title='bbox 127 1602 142 1624; x_wconf 89' lang='lat'><strong>3</strong></span> 
     </span>
    </p>
   </div>
   <div class='ocr_carea' id='block_1_2' title="bbox 170 89 808 120">
    <p class='ocr_par' dir='ltr' id='par_1_2' title="bbox 170 89 808 120">
     <span class='ocr_line' id='line_1_2' title="bbox 170 89 808 120; baseline 0 -5"><span class='ocrx_word' id='word_1_2' title='bbox 170 89 212 120; x_wconf 82' lang='grc'><em>46</em></span> <span class='ocrx_word' id='word_1_3' title='bbox 537 91 721 116; x_wconf 84' lang='lat' dir='ltr'>APXAIOAO</span> <span class='ocrx_word' id='word_1_4' title='bbox 725 92 808 116; x_wconf 84' lang='grc' dir='ltr'>ΓΙΑΣ</span> 
     </span>
    </p>
   </div>
   <div class='ocr_carea' id='block_1_3' title="bbox 165 170 1178 1107">
    <p class='ocr_par' dir='ltr' id='par_1_3' title="bbox 165 170 1178 1107">
     <span class='ocr_line' id='line_1_3' title="bbox 171 170 1178 213; baseline 0.002 -12"><span class='ocrx_word' id='word_1_5' title='bbox 171 172 289 210; x_wconf 79' lang='grc' dir='ltr'><em>λόγους</em></span> <span class='ocrx_word' id='word_1_6' title='bbox 313 171 400 213; x_wconf 77' lang='grc' dir='ltr'><em>αὐτῷ</em></span> <span class='ocrx_word' id='word_1_7' title='bbox 419 170 492 212; x_wconf 80' lang='grc' dir='ltr'><em>περὶ</em></span> <span class='ocrx_word' id='word_1_8' title='bbox 517 175 576 202; x_wconf 91' lang='grc' dir='ltr'><em>τοῦ</em></span> <span class='ocrx_word' id='word_1_9' title='bbox 595 172 748 202; x_wconf 88' lang='grc' dir='ltr'><em>Δαυίδου</em></span> <span class='ocrx_word' id='word_1_10' title='bbox 770 170 980 212; x_wconf 79' lang='grc' dir='ltr'><em>προσφέρειν.</em></span> <span class='ocrx_word' id='word_1_11' title='bbox 1022 171 1067 203; x_wconf 72' lang='lat' dir='ltr'><em>‘u&#39;</em></span> <span class='ocrx_word' id='word_1_12' title='bbox 1082 184 1178 203; x_wconf 82' lang='grc' dir='ltr'><em>κατα-</em></span> 
     </span>
     <span class='ocr_line' id='line_1_4' title="bbox 171 222 1178 265; baseline 0.002 -11"><span class='ocrx_word' id='word_1_13' title='bbox 171 225 270 262; x_wconf 87' lang='grc' dir='ltr'><em>γνοὺς</em></span> <span class='ocrx_word' id='word_1_14' title='bbox 294 224 395 254; x_wconf 86' lang='grc' dir='ltr'><em>αὐτοῦ</em></span> <span class='ocrx_word' id='word_1_15' title='bbox 415 224 533 264; x_wconf 82' lang='grc' dir='ltr'><em>μικρὸν</em></span> <span class='ocrx_word' id='word_1_16' title='bbox 551 223 570 263; x_wconf 78' lang='grc' dir='ltr'>ἢ</span> <span class='ocrx_word' id='word_1_17' title='bbox 590 225 700 264; x_wconf 78' lang='grc' dir='ltr'><em>μεῖζον</em></span> <span class='ocrx_word' id='word_1_18' title='bbox 723 224 875 264; x_wconf 75' lang='grc' dir='ltr'><em>ἀδίκημα,</em></span> <span class='ocrx_word' id='word_1_19' title='bbox 899 222 923 255; x_wconf 84' lang='grc' dir='ltr'><em>ὦ</em></span> <span class='ocrx_word' id='word_1_20' title='bbox 945 224 1055 265; x_wconf 86' lang='grc' dir='ltr'><em>πάτερ,</em></span> <span class='ocrx_word' id='word_1_21' title='bbox 1078 234 1178 264; x_wconf 89' lang='grc' dir='ltr'><em>προσ-</em></span> 
     </span>
     <span class='ocr_line' id='line_1_5' title="bbox 170 275 1178 319; baseline 0.002 -13"><span class='ocrx_word' id='word_1_22' title='bbox 170 276 282 313; x_wconf 75' lang='grc' dir='ltr'><em>έταξας</em></span> <span class='ocrx_word' id='word_1_23' title='bbox 305 276 434 308; x_wconf 77' lang='grc' dir='ltr'><em>ἀνελεῖν</em></span> <span class='ocrx_word' id='word_1_24' title='bbox 462 277 567 317; x_wconf 76' lang='grc' dir='ltr'><em>ἄνδρα</em></span> <span class='ocrx_word' id='word_1_25' title='bbox 593 276 674 317; x_wconf 85' lang='grc' dir='ltr'><em>μέγα</em></span> <span class='ocrx_word' id='word_1_26' title='bbox 703 275 763 317; x_wconf 73' lang='grc' dir='ltr'><em>μὲν</em></span> <span class='ocrx_word' id='word_1_27' title='bbox 791 277 877 319; x_wconf 79' lang='grc' dir='ltr'><em>αὐτῷ</em></span> <span class='ocrx_word' id='word_1_28' title='bbox 905 278 987 318; x_wconf 84' lang='grc' dir='ltr'><em>πρὸς</em></span> <span class='ocrx_word' id='word_1_29' title='bbox 1015 279 1178 318; x_wconf 75' lang='grc' dir='ltr'><em>σωτηρίαν</em></span> 
     </span>
     <span class='ocr_line' id='line_1_6' title="bbox 169 328 1178 370; baseline 0 -10"><span class='ocrx_word' id='word_1_30' title='bbox 169 330 288 369; x_wconf 82' lang='grc' dir='ltr'><em>ὄφελος</em></span> <span class='ocrx_word' id='word_1_31' title='bbox 312 329 540 370; x_wconf 70' lang='grc' dir='ltr'><em>γεγενημένον,</em></span> <span class='ocrx_word' id='word_1_32' title='bbox 564 331 673 370; x_wconf 80' lang='grc' dir='ltr'><em>μεῖζον</em></span> <span class='ocrx_word' id='word_1_33' title='bbox 697 328 733 360; x_wconf 73' lang='grc' dir='ltr'><em>δὲ</em></span> <span class='ocrx_word' id='word_1_34' title='bbox 756 330 838 370; x_wconf 86' lang='grc' dir='ltr'><em>πρὸς</em></span> <span class='ocrx_word' id='word_1_35' title='bbox 861 330 920 370; x_wconf 90' lang='grc' dir='ltr'><em>τὴν</em></span> <span class='ocrx_word' id='word_1_36' title='bbox 944 332 1178 361; x_wconf 82' lang='grc' dir='ltr'><em>Παλαιστινῶν</em></span> 
     </span>
     <span class='ocr_line' id='line_1_7' title="bbox 168 380 1178 422; baseline 0.001 -10"><span class='ocrx_word' id='word_1_37' title='bbox 168 384 342 422; x_wconf 72' lang='grc' dir='ltr'><em>τιμωρίαν,</em></span> <span class='ocrx_word' id='word_1_38' title='bbox 370 383 477 421; x_wconf 76' lang='grc'>&lt;210&gt;</span> <span class='ocrx_word' id='word_1_39' title='bbox 505 382 631 422; x_wconf 78' lang='grc' dir='ltr'><em>ὕβρεως</em></span> <span class='ocrx_word' id='word_1_40' title='bbox 659 380 695 413; x_wconf 72' lang='grc' dir='ltr'><em>δὲ</em></span> <span class='ocrx_word' id='word_1_41' title='bbox 723 381 776 413; x_wconf 80' lang='grc' dir='ltr'><em>καὶ</em></span> <span class='ocrx_word' id='word_1_42' title='bbox 805 383 922 422; x_wconf 86' lang='grc' dir='ltr'><em>χλεύης</em></span> <span class='ocrx_word' id='word_1_43' title='bbox 949 382 1178 420; x_wconf 79' lang='grc' dir='ltr'><em>ἀπαλλάξαντα</em></span> 
     </span>
     <span class='ocr_line' id='line_1_8' title="bbox 168 433 1177 476; baseline 0.001 -11"><span class='ocrx_word' id='word_1_44' title='bbox 168 435 226 465; x_wconf 89' lang='grc' dir='ltr'><em>τὸν</em></span> <span class='ocrx_word' id='word_1_45' title='bbox 246 433 406 475; x_wconf 86' lang='grc' dir='ltr'><em>Ἑβραίων</em></span> <span class='ocrx_word' id='word_1_46' title='bbox 435 436 531 473; x_wconf 89' lang='grc' dir='ltr'><em>λαόν,</em></span> <span class='ocrx_word' id='word_1_47' title='bbox 559 435 600 475; x_wconf 78' lang='grc' dir='ltr'><em>ἣν</em></span> <span class='ocrx_word' id='word_1_48' title='bbox 624 434 675 466; x_wconf 83' lang='grc' dir='ltr'><em>ἐπὶ</em></span> <span class='ocrx_word' id='word_1_49' title='bbox 704 434 937 475; x_wconf 79' lang='grc' dir='ltr'><em>τετταράκονθ’</em></span> <span class='ocrx_word' id='word_1_50' title='bbox 968 434 1090 476; x_wconf 79' lang='grc' dir='ltr'><em>ἡμέρας</em></span> <span class='ocrx_word' id='word_1_51' title='bbox 1118 435 1177 466; x_wconf 89' lang='grc' dir='ltr'><em>ὑπ-</em></span> 
     </span>
     <span class='ocr_line' id='line_1_9' title="bbox 168 486 1178 528; baseline 0 -10"><span class='ocrx_word' id='word_1_52' title='bbox 168 486 289 527; x_wconf 77' lang='grc' dir='ltr'><em>έμεινε,</em></span> <span class='ocrx_word' id='word_1_53' title='bbox 320 489 423 528; x_wconf 90' lang='grc' dir='ltr'><em>μόνον</em></span> <span class='ocrx_word' id='word_1_54' title='bbox 451 490 620 528; x_wconf 83' lang='grc' dir='ltr'><em>τολμῶντα</em></span> <span class='ocrx_word' id='word_1_55' title='bbox 643 488 825 528; x_wconf 76' lang='grc' dir='ltr'><em>ὑποστῆναι</em></span> <span class='ocrx_word' id='word_1_56' title='bbox 850 488 909 527; x_wconf 84' lang='grc' dir='ltr'><em>τὴν</em></span> <span class='ocrx_word' id='word_1_57' title='bbox 938 492 996 519; x_wconf 90' lang='grc' dir='ltr'><em>τοῦ</em></span> <span class='ocrx_word' id='word_1_58' title='bbox 1019 489 1178 528; x_wconf 85' lang='grc' dir='ltr'><em>πολεμίου</em></span> 
     </span>
     <span class='ocr_line' id='line_1_10' title="bbox 167 539 1177 581; baseline 0 -10"><span class='ocrx_word' id='word_1_59' title='bbox 167 541 358 580; x_wconf 90' lang='grc' dir='ltr'><em>πρόκλησιν,</em></span> <span class='ocrx_word' id='word_1_60' title='bbox 373 539 426 570; x_wconf 79' lang='grc' dir='ltr'><em>καὶ</em></span> <span class='ocrx_word' id='word_1_61' title='bbox 442 541 520 580; x_wconf 81' lang='grc' dir='ltr'><em>μετὰ</em></span> <span class='ocrx_word' id='word_1_62' title='bbox 535 545 636 571; x_wconf 86' lang='grc' dir='ltr'><em>ταῦτα</em></span> <span class='ocrx_word' id='word_1_63' title='bbox 651 542 830 581; x_wconf 85' lang='grc' dir='ltr'><em>κομίσαντα</em></span> <span class='ocrx_word' id='word_1_64' title='bbox 845 539 906 581; x_wconf 66' lang='grc' dir='ltr'><em>μἐν</em></span> <span class='ocrx_word' id='word_1_65' title='bbox 921 541 999 577; x_wconf 83' lang='grc' dir='ltr'><em>ὅσας</em></span> <span class='ocrx_word' id='word_1_66' title='bbox 1014 540 1177 581; x_wconf 76' lang='grc' dir='ltr'><em>ἐπετάχθη</em></span> 
     </span>
     <span class='ocr_line' id='line_1_11' title="bbox 167 592 1177 636; baseline 0.001 -13"><span class='ocrx_word' id='word_1_67' title='bbox 167 593 310 632; x_wconf 78' lang='grc' dir='ltr'><em>κεφαλὰς</em></span> <span class='ocrx_word' id='word_1_68' title='bbox 329 598 395 623; x_wconf 88' lang='grc' dir='ltr'><em>τῶν</em></span> <span class='ocrx_word' id='word_1_69' title='bbox 416 592 556 633; x_wconf 85' lang='grc' dir='ltr'><em>ἐχθρῶν,</em></span> <span class='ocrx_word' id='word_1_70' title='bbox 580 595 722 634; x_wconf 86' lang='grc' dir='ltr'><em>λαβόντα</em></span> <span class='ocrx_word' id='word_1_71' title='bbox 747 592 776 624; x_wconf 87' lang='grc' dir='ltr'><em>δ’</em></span> <span class='ocrx_word' id='word_1_72' title='bbox 800 592 851 624; x_wconf 76' lang='grc' dir='ltr'><em>ἐπὶ</em></span> <span class='ocrx_word' id='word_1_73' title='bbox 872 594 976 636; x_wconf 75' lang='grc' dir='ltr'><em>τούτῳ</em></span> <span class='ocrx_word' id='word_1_74' title='bbox 997 593 1094 634; x_wconf 82' lang='grc' dir='ltr'><em>γέρας</em></span> <span class='ocrx_word' id='word_1_75' title='bbox 1117 593 1177 632; x_wconf 85' lang='grc' dir='ltr'><em>τὴν</em></span> 
     </span>
     <span class='ocr_line' id='line_1_12' title="bbox 168 644 1176 686; baseline 0.001 -11"><span class='ocrx_word' id='word_1_76' title='bbox 168 644 248 685; x_wconf 83' lang='grc' dir='ltr'><em>ἐμὴν</em></span> <span class='ocrx_word' id='word_1_77' title='bbox 272 645 421 685; x_wconf 74' lang='grc' dir='ltr'><em>ἀδελφὴν</em></span> <span class='ocrx_word' id='word_1_78' title='bbox 443 646 525 686; x_wconf 83' lang='grc' dir='ltr'><em>πρὸς</em></span> <span class='ocrx_word' id='word_1_79' title='bbox 548 646 667 686; x_wconf 81' lang='grc' dir='ltr'><em>γάμον,</em></span> <span class='ocrx_word' id='word_1_80' title='bbox 694 646 737 682; x_wconf 85' lang='grc' dir='ltr'><em>ὡς</em></span> <span class='ocrx_word' id='word_1_81' title='bbox 761 645 802 676; x_wconf 77' lang='grc' dir='ltr'><em>ἂν</em></span> <span class='ocrx_word' id='word_1_82' title='bbox 826 645 976 685; x_wconf 74' lang='grc' dir='ltr'><em>ἀλγεινὸς</em></span> <span class='ocrx_word' id='word_1_83' title='bbox 1000 646 1101 677; x_wconf 85' lang='grc' dir='ltr'><em>αὐτοῦ</em></span> <span class='ocrx_word' id='word_1_84' title='bbox 1125 644 1176 685; x_wconf 83' lang='grc' dir='ltr'><em>γε’-</em></span> 
     </span>
     <span class='ocr_line' id='line_1_13' title="bbox 167 697 1177 738; baseline 0.001 -10"><span class='ocrx_word' id='word_1_85' title='bbox 167 697 261 729; x_wconf 79' lang='grc' dir='ltr'><em>νοιθ’</em></span> <span class='ocrx_word' id='word_1_86' title='bbox 285 697 364 738; x_wconf 81' lang='grc' dir='ltr'><em>ἡμῖν</em></span> <span class='ocrx_word' id='word_1_87' title='bbox 388 698 405 729; x_wconf 83' lang='grc' dir='ltr'>ὁ</span> <span class='ocrx_word' id='word_1_88' title='bbox 424 698 570 735; x_wconf 87' lang='grc' dir='ltr'><em>θάνατος</em></span> <span class='ocrx_word' id='word_1_89' title='bbox 593 698 632 729; x_wconf 84' lang='grc' dir='ltr'><em>οὐ</em></span> <span class='ocrx_word' id='word_1_90' title='bbox 657 699 710 729; x_wconf 80' lang='grc' dir='ltr'><em>διὰ</em></span> <span class='ocrx_word' id='word_1_91' title='bbox 734 698 794 738; x_wconf 82' lang='grc' dir='ltr'><em>τὴν</em></span> <span class='ocrx_word' id='word_1_92' title='bbox 814 698 933 738; x_wconf 82' lang='grc' dir='ltr'><em>ἀρετὴν</em></span> <span class='ocrx_word' id='word_1_93' title='bbox 952 698 1054 729; x_wconf 86' lang='grc' dir='ltr'><em>αὐτοῦ</em></span> <span class='ocrx_word' id='word_1_94' title='bbox 1074 699 1177 738; x_wconf 90' lang='grc' dir='ltr'><em>μόνον</em></span> 
     </span>
     <span class='ocr_line' id='line_1_14' title="bbox 167 749 1176 791; baseline 0.001 -10"><span class='ocrx_word' id='word_1_95' title='bbox 167 750 249 781; x_wconf 75' lang='grc' dir='ltr'><em>ἀλλὰ</em></span> <span class='ocrx_word' id='word_1_96' title='bbox 272 749 325 781; x_wconf 83' lang='grc' dir='ltr'><em>καὶ</em></span> <span class='ocrx_word' id='word_1_97' title='bbox 351 751 404 781; x_wconf 79' lang='grc' dir='ltr'><em>διὰ</em></span> <span class='ocrx_word' id='word_1_98' title='bbox 428 751 488 790; x_wconf 82' lang='grc' dir='ltr'><em>τὴν</em></span> <span class='ocrx_word' id='word_1_99' title='bbox 512 750 720 790; x_wconf 81' lang='grc' dir='ltr'><em>συγγένειαν·</em></span> <span class='ocrx_word' id='word_1_100' title='bbox 744 752 967 782; x_wconf 79' lang='grc' dir='ltr'><em>συναδικεῖται</em></span> <span class='ocrx_word' id='word_1_101' title='bbox 989 751 1050 791; x_wconf 75' lang='grc' dir='ltr'><em>γὰρ</em></span> <span class='ocrx_word' id='word_1_102' title='bbox 1075 751 1176 782; x_wconf 85' lang='grc' dir='ltr'><em>αὐτοῦ</em></span> 
     </span>
     <span class='ocr_line' id='line_1_15' title="bbox 166 802 1175 845; baseline 0.001 -12"><span class='ocrx_word' id='word_1_103' title='bbox 166 807 210 845; x_wconf 78' lang='grc' dir='ltr'><em>τῷ</em></span> <span class='ocrx_word' id='word_1_104' title='bbox 230 803 364 845; x_wconf 79' lang='grc' dir='ltr'><em>θανάτῳ</em></span> <span class='ocrx_word' id='word_1_105' title='bbox 384 802 437 834; x_wconf 80' lang='grc' dir='ltr'><em>καὶ</em></span> <span class='ocrx_word' id='word_1_106' title='bbox 457 803 476 843; x_wconf 85' lang='grc' dir='ltr'><em>ἡ</em></span> <span class='ocrx_word' id='word_1_107' title='bbox 498 803 537 843; x_wconf 85' lang='grc' dir='ltr'><em>σὴ</em></span> <span class='ocrx_word' id='word_1_108' title='bbox 552 804 714 844; x_wconf 79' lang='grc' dir='ltr'><em>θυγάτηρ,</em></span> <span class='ocrx_word' id='word_1_109' title='bbox 733 806 867 844; x_wconf 82' lang='grc' dir='ltr'><em>χηρείαν</em></span> <span class='ocrx_word' id='word_1_110' title='bbox 886 802 965 844; x_wconf 86' lang='grc' dir='ltr'><em>πρὶν</em></span> <span class='ocrx_word' id='word_1_111' title='bbox 984 803 1003 843; x_wconf 78' lang='grc' dir='ltr'>ἢ</span> <span class='ocrx_word' id='word_1_112' title='bbox 1023 808 1079 843; x_wconf 86' lang='grc' dir='ltr'><em>τῆς</em></span> <span class='ocrx_word' id='word_1_113' title='bbox 1096 812 1175 844; x_wconf 88' lang='grc' dir='ltr'><em>συμ-</em></span> 
     </span>
     <span class='ocr_line' id='line_1_16' title="bbox 166 855 1174 897; baseline 0.001 -11"><span class='ocrx_word' id='word_1_114' title='bbox 166 856 310 896; x_wconf 83' lang='grc' dir='ltr'><em>βιώσεως</em></span> <span class='ocrx_word' id='word_1_115' title='bbox 334 857 380 892; x_wconf 77' lang='grc' dir='ltr'><em>εἰς</em></span> <span class='ocrx_word' id='word_1_116' title='bbox 404 857 519 895; x_wconf 82' lang='grc' dir='ltr'><em>ὄνησιν</em></span> <span class='ocrx_word' id='word_1_117' title='bbox 539 855 651 887; x_wconf 78' lang='grc' dir='ltr'><em>ἐλθεῖν</em></span> <span class='ocrx_word' id='word_1_118' title='bbox 669 855 833 896; x_wconf 80' lang='grc' dir='ltr'><em>μέλλουσα</em></span> <span class='ocrx_word' id='word_1_119' title='bbox 852 856 1024 897; x_wconf 75' lang='grc' dir='ltr'><em>πειράζειν.</em></span> <span class='ocrx_word' id='word_1_120' title='bbox 1066 856 1174 896; x_wconf 81' lang='grc'>&lt;211&gt;</span> 
     </span>
     <span class='ocr_line' id='line_1_17' title="bbox 165 907 1174 949; baseline 0 -10"><span class='ocrx_word' id='word_1_121' title='bbox 165 913 266 939; x_wconf 87' lang='grc' dir='ltr'><em>ταῦτα</em></span> <span class='ocrx_word' id='word_1_122' title='bbox 290 908 504 949; x_wconf 78' lang='grc' dir='ltr'><em>λογισάμενος</em></span> <span class='ocrx_word' id='word_1_123' title='bbox 523 910 704 949; x_wconf 83' lang='grc' dir='ltr'><em>μεταβολοῦ</em></span> <span class='ocrx_word' id='word_1_124' title='bbox 724 910 805 949; x_wconf 84' lang='grc' dir='ltr'><em>πρὸς</em></span> <span class='ocrx_word' id='word_1_125' title='bbox 826 909 861 939; x_wconf 90' lang='grc' dir='ltr'><em>τὸ</em></span> <span class='ocrx_word' id='word_1_126' title='bbox 881 908 1098 949; x_wconf 79' lang='grc' dir='ltr'><em>ἡμερώτερον,</em></span> <span class='ocrx_word' id='word_1_127' title='bbox 1121 907 1174 939; x_wconf 83' lang='grc' dir='ltr'><em>καὶ</em></span> 
     </span>
     <span class='ocr_line' id='line_1_18' title="bbox 166 959 1174 1002; baseline 0.001 -11"><span class='ocrx_word' id='word_1_128' title='bbox 166 959 268 1001; x_wconf 77' lang='grc' dir='ltr'><em>μηδὲν</em></span> <span class='ocrx_word' id='word_1_129' title='bbox 296 962 434 1002; x_wconf 78' lang='grc' dir='ltr'><em>ποιήσῃς</em></span> <span class='ocrx_word' id='word_1_130' title='bbox 460 962 561 992; x_wconf 82' lang='grc' dir='ltr'><em>κακὸν</em></span> <span class='ocrx_word' id='word_1_131' title='bbox 589 962 694 1002; x_wconf 71' lang='grc' dir='ltr'><em>ἄνδρα</em></span> <span class='ocrx_word' id='word_1_132' title='bbox 726 967 857 1002; x_wconf 87' lang='grc' dir='ltr'><em>πρῶτον</em></span> <span class='ocrx_word' id='word_1_133' title='bbox 888 959 948 1002; x_wconf 72' lang='grc' dir='ltr'><em>μὲν</em></span> <span class='ocrx_word' id='word_1_134' title='bbox 975 961 1058 1002; x_wconf 81' lang='grc' dir='ltr'><em>ἡμᾶς</em></span> <span class='ocrx_word' id='word_1_135' title='bbox 1086 961 1174 1001; x_wconf 83' lang='grc' dir='ltr'><em>εὐερ-</em></span> 
     </span>
     <span class='ocr_line' id='line_1_19' title="bbox 165 1014 1175 1055; baseline 0 -11"><span class='ocrx_word' id='word_1_136' title='bbox 165 1015 279 1053; x_wconf 86' lang='grc' dir='ltr'><em>γεσίαν</em></span> <span class='ocrx_word' id='word_1_137' title='bbox 303 1014 448 1054; x_wconf 83' lang='grc' dir='ltr'><em>μεγάλην</em></span> <span class='ocrx_word' id='word_1_138' title='bbox 472 1014 727 1054; x_wconf 81' lang='grc' dir='ltr'><em>εὐεργετήσαντα</em></span> <span class='ocrx_word' id='word_1_139' title='bbox 751 1014 810 1053; x_wconf 83' lang='grc' dir='ltr'><em>τὴν</em></span> <span class='ocrx_word' id='word_1_140' title='bbox 834 1014 896 1054; x_wconf 84' lang='grc' dir='ltr'><em>σὴν</em></span> <span class='ocrx_word' id='word_1_141' title='bbox 920 1016 1098 1055; x_wconf 88' lang='grc' dir='ltr'><em>σωτηρίαν,</em></span> <span class='ocrx_word' id='word_1_142' title='bbox 1122 1014 1175 1044; x_wconf 84' lang='grc' dir='ltr'><em>ὅτε</em></span> 
     </span>
     <span class='ocr_line' id='line_1_20' title="bbox 166 1065 1173 1107; baseline 0 -10"><span class='ocrx_word' id='word_1_143' title='bbox 166 1075 216 1097; x_wconf 90' lang='grc' dir='ltr'><em>σοι</em></span> <span class='ocrx_word' id='word_1_144' title='bbox 250 1071 308 1097; x_wconf 86' lang='grc' dir='ltr'><em>τοῦ</em></span> <span class='ocrx_word' id='word_1_145' title='bbox 341 1071 488 1107; x_wconf 90' lang='grc' dir='ltr'><em>πονηροῦ</em></span> <span class='ocrx_word' id='word_1_146' title='bbox 520 1067 704 1107; x_wconf 85' lang='grc' dir='ltr'><em>πνεύματος</em></span> <span class='ocrx_word' id='word_1_147' title='bbox 731 1065 784 1097; x_wconf 85' lang='grc' dir='ltr'><em>καὶ</em></span> <span class='ocrx_word' id='word_1_148' title='bbox 817 1072 883 1097; x_wconf 82' lang='grc' dir='ltr'><em>τῶν</em></span> <span class='ocrx_word' id='word_1_149' title='bbox 912 1067 1092 1107; x_wconf 84' lang='grc' dir='ltr'><em>δαιμονίων</em></span> <span class='ocrx_word' id='word_1_150' title='bbox 1123 1066 1173 1105; x_wconf 81' lang='grc' dir='ltr'><em>ἐγ-</em></span> 
     </span>
    </p>
   </div>
   <div class='ocr_carea' id='block_1_4' title="bbox 1193 656 1217 674">
    <p class='ocr_par' dir='ltr' id='par_1_4' title="bbox 1193 656 1217 674">
     <span class='ocr_line' id='line_1_21' title="bbox 1193 656 1217 674; baseline 0 0"><span class='ocrx_word' id='word_1_151' title='bbox 1193 656 1217 674; x_wconf 92' lang='grc'><em>10</em></span> 
     </span>
    </p>
   </div>
   <div class='ocr_carea' id='block_1_5' title="bbox 1192 918 1215 938">
    <p class='ocr_par' dir='ltr' id='par_1_5' title="bbox 1192 918 1215 938">
     <span class='ocr_line' id='line_1_22' title="bbox 1192 918 1215 938; baseline 0.043 -1"><span class='ocrx_word' id='word_1_152' title='bbox 1192 918 1215 938; x_wconf 80' lang='lat'><em>15</em></span> 
     </span>
    </p>
   </div>
   <div class='ocr_carea' id='block_1_6' title="bbox 164 1118 1213 1213">
    <p class='ocr_par' dir='ltr' id='par_1_6' title="bbox 164 1118 1213 1213">
     <span class='ocr_line' id='line_1_23' title="bbox 164 1118 1204 1160; baseline -0.001 -10"><span class='ocrx_word' id='word_1_153' title='bbox 164 1119 393 1159; x_wconf 78' lang='grc' dir='ltr'><em>καθεζομένων</em></span> <span class='ocrx_word' id='word_1_154' title='bbox 412 1120 450 1150; x_wconf 80' lang='grc' dir='ltr'><em>τὰ</em></span> <span class='ocrx_word' id='word_1_155' title='bbox 470 1118 530 1160; x_wconf 73' lang='grc' dir='ltr'><em>μὲν</em></span> <span class='ocrx_word' id='word_1_156' title='bbox 550 1119 709 1160; x_wconf 79' lang='grc' dir='ltr'><em>ἐξέβαλεν,</em></span> <span class='ocrx_word' id='word_1_157' title='bbox 730 1120 863 1160; x_wconf 83' lang='grc' dir='ltr'><em>εἰρήνην</em></span> <span class='ocrx_word' id='word_1_158' title='bbox 883 1118 913 1149; x_wconf 88' lang='grc' dir='ltr'><em>δ’</em></span> <span class='ocrx_word' id='word_1_159' title='bbox 931 1118 985 1150; x_wconf 83' lang='grc' dir='ltr'><em>ἀπ’</em></span> <span class='ocrx_word' id='word_1_160' title='bbox 1008 1119 1116 1149; x_wconf 86' lang='grc' dir='ltr'><em>αὐτῶν</em></span> <span class='ocrx_word' id='word_1_161' title='bbox 1135 1123 1173 1159; x_wconf 77' lang='grc' dir='ltr'><em>τῇ</em></span> <span class='ocrx_word' id='word_1_162' title='bbox 1198 1148 1204 1153; x_wconf 85' lang='grc'><em>,</em></span> 
     </span>
     <span class='ocr_line' id='line_1_24' title="bbox 166 1170 1213 1213; baseline -0.002 -10"><span class='ocrx_word' id='word_1_163' title='bbox 166 1176 251 1213; x_wconf 74' lang='grc' dir='ltr'><em>ψυχῇ</em></span> <span class='ocrx_word' id='word_1_164' title='bbox 276 1181 336 1203; x_wconf 85' lang='grc' dir='ltr'><em>σου</em></span> <span class='ocrx_word' id='word_1_165' title='bbox 358 1172 508 1212; x_wconf 77' lang='grc' dir='ltr'><em>παρέσχε,</em></span> <span class='ocrx_word' id='word_1_166' title='bbox 533 1173 687 1213; x_wconf 83' lang='grc' dir='ltr'><em>δεύτερον</em></span> <span class='ocrx_word' id='word_1_167' title='bbox 707 1170 742 1203; x_wconf 75' lang='grc' dir='ltr'><em>δὲ</em></span> <span class='ocrx_word' id='word_1_168' title='bbox 763 1172 823 1212; x_wconf 82' lang='grc' dir='ltr'><em>τὴν</em></span> <span class='ocrx_word' id='word_1_169' title='bbox 842 1172 904 1203; x_wconf 77' lang='grc' dir='ltr'><em>ἀπὸ</em></span> <span class='ocrx_word' id='word_1_170' title='bbox 924 1177 990 1202; x_wconf 87' lang='grc' dir='ltr'><em>τῶν</em></span> <span class='ocrx_word' id='word_1_171' title='bbox 1008 1173 1174 1212; x_wconf 89' lang='grc' dir='ltr'><em>πολεμίων</em></span> <span class='ocrx_word' id='word_1_172' title='bbox 1188 1181 1213 1200; x_wconf 81' lang='lat'><em>20</em></span> 
     </span>
    </p>
   </div>
   <div class='ocr_carea' id='block_1_7' title="bbox 162 1224 1173 1686">
    <p class='ocr_par' dir='ltr' id='par_1_7' title="bbox 162 1224 1173 1686">
     <span class='ocr_line' id='line_1_25' title="bbox 165 1224 1173 1266; baseline 0 -11"><span class='ocrx_word' id='word_1_173' title='bbox 165 1224 323 1255; x_wconf 78' lang='grc' dir='ltr'><em>ἐκδικίαν·</em></span> <span class='ocrx_word' id='word_1_174' title='bbox 339 1226 475 1266; x_wconf 78' lang='grc' dir='ltr'><em>αἰσχρὸν</em></span> <span class='ocrx_word' id='word_1_175' title='bbox 491 1226 551 1266; x_wconf 71' lang='grc' dir='ltr'><em>γὰρ</em></span> <span class='ocrx_word' id='word_1_176' title='bbox 567 1226 693 1256; x_wconf 85' lang='grc' dir='ltr'><em>τούτων</em></span> <span class='ocrx_word' id='word_1_177' title='bbox 708 1224 942 1265; x_wconf 77' lang='grc' dir='ltr'><em>ἐπιλελῆσθαι.’</em></span> <span class='ocrx_word' id='word_1_178' title='bbox 978 1225 1084 1264; x_wconf 70' lang='lat'><strong>(212)</strong></span> <span class='ocrx_word' id='word_1_179' title='bbox 1100 1225 1173 1255; x_wconf 88' lang='grc' dir='ltr'><em>τού-</em></span> 
     </span>
     <span class='ocr_line' id='line_1_26' title="bbox 164 1275 1171 1318; baseline -0.001 -10"><span class='ocrx_word' id='word_1_180' title='bbox 164 1289 232 1314; x_wconf 87' lang='grc' dir='ltr'><em>τοις</em></span> <span class='ocrx_word' id='word_1_181' title='bbox 251 1284 484 1318; x_wconf 84' lang='grc' dir='ltr'><em>παρηγορεῖται</em></span> <span class='ocrx_word' id='word_1_182' title='bbox 504 1284 572 1314; x_wconf 83' lang='grc' dir='ltr'><em>τοῖς</em></span> <span class='ocrx_word' id='word_1_183' title='bbox 592 1279 702 1317; x_wconf 79' lang='grc' dir='ltr'><em>λόγοις</em></span> <span class='ocrx_word' id='word_1_184' title='bbox 721 1277 883 1315; x_wconf 80' lang='grc' dir='ltr'><em>Σάουλος,</em></span> <span class='ocrx_word' id='word_1_185' title='bbox 906 1276 959 1308; x_wconf 84' lang='grc' dir='ltr'><em>καὶ</em></span> <span class='ocrx_word' id='word_1_186' title='bbox 981 1275 1084 1318; x_wconf 67' lang='grc' dir='ltr'><em>μηδὲν</em></span> <span class='ocrx_word' id='word_1_187' title='bbox 1103 1276 1171 1307; x_wconf 76' lang='grc' dir='ltr'><em>ἀδι-</em></span> 
     </span>
     <span class='ocr_line' id='line_1_27' title="bbox 163 1330 1172 1372; baseline 0 -12"><span class='ocrx_word' id='word_1_188' title='bbox 163 1331 276 1369; x_wconf 83' lang='grc' dir='ltr'><em>κήσειν</em></span> <span class='ocrx_word' id='word_1_189' title='bbox 304 1331 362 1361; x_wconf 86' lang='grc' dir='ltr'><em>τὸν</em></span> <span class='ocrx_word' id='word_1_190' title='bbox 390 1331 542 1370; x_wconf 85' lang='grc' dir='ltr'><em>Δαυίδην</em></span> <span class='ocrx_word' id='word_1_191' title='bbox 571 1332 689 1371; x_wconf 85' lang='grc' dir='ltr'><em>ὄμνυσι</em></span> <span class='ocrx_word' id='word_1_192' title='bbox 717 1335 761 1372; x_wconf 76' lang='grc' dir='ltr'><em>τῷ</em></span> <span class='ocrx_word' id='word_1_193' title='bbox 788 1331 894 1361; x_wconf 87' lang='grc' dir='ltr'><em>παιδί’</em></span> <span class='ocrx_word' id='word_1_194' title='bbox 927 1332 1083 1370; x_wconf 82' lang='grc' dir='ltr'><em>κρείττων</em></span> <span class='ocrx_word' id='word_1_195' title='bbox 1111 1330 1172 1370; x_wconf 82' lang='grc' dir='ltr'><em>γὰρ</em></span> 
     </span>
     <span class='ocr_line' id='line_1_28' title="bbox 164 1381 1171 1424; baseline -0.001 -10"><span class='ocrx_word' id='word_1_196' title='bbox 164 1383 264 1423; x_wconf 83' lang='grc' dir='ltr'><em>ὀργῆς</em></span> <span class='ocrx_word' id='word_1_197' title='bbox 291 1382 344 1414; x_wconf 83' lang='grc' dir='ltr'><em>καὶ</em></span> <span class='ocrx_word' id='word_1_198' title='bbox 378 1385 486 1424; x_wconf 83' lang='grc' dir='ltr'><em>φόβου</em></span> <span class='ocrx_word' id='word_1_199' title='bbox 520 1384 645 1420; x_wconf 87' lang='grc' dir='ltr'><em>δίκαιος</em></span> <span class='ocrx_word' id='word_1_200' title='bbox 673 1385 778 1423; x_wconf 87' lang='grc' dir='ltr'><em>λόγος.</em></span> <span class='ocrx_word' id='word_1_201' title='bbox 826 1382 984 1422; x_wconf 86' lang='grc' dir='ltr'><em>Ἰωνάθης</em></span> <span class='ocrx_word' id='word_1_202' title='bbox 1015 1381 1049 1413; x_wconf 72' lang='grc' dir='ltr'><em>δὲ</em></span> <span class='ocrx_word' id='word_1_203' title='bbox 1079 1394 1171 1423; x_wconf 91' lang='grc' dir='ltr'><em>μετα-</em></span> 
     </span>
     <span class='ocr_line' id='line_1_29' title="bbox 163 1434 1170 1478; baseline -0.002 -11"><span class='ocrx_word' id='word_1_204' title='bbox 163 1436 373 1476; x_wconf 77' lang='grc' dir='ltr'><em>πεμψάμενος</em></span> <span class='ocrx_word' id='word_1_205' title='bbox 395 1437 453 1467; x_wconf 89' lang='grc' dir='ltr'><em>τὸν</em></span> <span class='ocrx_word' id='word_1_206' title='bbox 472 1437 625 1476; x_wconf 80' lang='grc' dir='ltr'><em>Δαυίδην</em></span> <span class='ocrx_word' id='word_1_207' title='bbox 649 1437 798 1476; x_wconf 87' lang='grc' dir='ltr'><em>σημαίνει</em></span> <span class='ocrx_word' id='word_1_208' title='bbox 822 1434 849 1466; x_wconf 77' lang='grc' dir='ltr'><em>τ’</em></span> <span class='ocrx_word' id='word_1_209' title='bbox 872 1436 958 1478; x_wconf 76' lang='grc' dir='ltr'><em>αὐτῷ</em></span> <span class='ocrx_word' id='word_1_210' title='bbox 977 1436 1098 1475; x_wconf 81' lang='grc' dir='ltr'><em>χρηστὰ</em></span> <span class='ocrx_word' id='word_1_211' title='bbox 1117 1434 1170 1465; x_wconf 84' lang='grc' dir='ltr'><em>καὶ</em></span> 
     </span>
     <span class='ocr_line' id='line_1_30' title="bbox 163 1486 1170 1529; baseline -0.001 -10"><span class='ocrx_word' id='word_1_212' title='bbox 163 1489 306 1529; x_wconf 83' lang='grc' dir='ltr'><em>σωτήρια</em></span> <span class='ocrx_word' id='word_1_213' title='bbox 329 1489 367 1519; x_wconf 75' lang='grc' dir='ltr'><em>τὰ</em></span> <span class='ocrx_word' id='word_1_214' title='bbox 391 1489 478 1529; x_wconf 81' lang='grc' dir='ltr'><em>παρὰ</em></span> <span class='ocrx_word' id='word_1_215' title='bbox 502 1493 560 1519; x_wconf 87' lang='grc' dir='ltr'><em>τοῦ</em></span> <span class='ocrx_word' id='word_1_216' title='bbox 584 1490 715 1529; x_wconf 88' lang='grc' dir='ltr'><em>πατρός,</em></span> <span class='ocrx_word' id='word_1_217' title='bbox 739 1489 810 1528; x_wconf 71' lang='grc' dir='ltr'><em>ἄγει</em></span> <span class='ocrx_word' id='word_1_218' title='bbox 829 1500 862 1519; x_wconf 89' lang='grc' dir='ltr'><em>τε</em></span> <span class='ocrx_word' id='word_1_219' title='bbox 883 1489 965 1528; x_wconf 89' lang='grc' dir='ltr'><em>πρὸς</em></span> <span class='ocrx_word' id='word_1_220' title='bbox 983 1488 1093 1525; x_wconf 88' lang='grc' dir='ltr'><em>αὐτόν,</em></span> <span class='ocrx_word' id='word_1_221' title='bbox 1117 1486 1170 1518; x_wconf 81' lang='grc' dir='ltr'><em>καὶ</em></span> 
     </span>
     <span class='ocr_line' id='line_1_31' title="bbox 162 1541 1064 1583; baseline -0.001 -11"><span class='ocrx_word' id='word_1_222' title='bbox 162 1541 322 1582; x_wconf 77' lang='grc' dir='ltr'><em>παρέμενε</em></span> <span class='ocrx_word' id='word_1_223' title='bbox 346 1546 389 1583; x_wconf 75' lang='grc' dir='ltr'><em>τῷ</em></span> <span class='ocrx_word' id='word_1_224' title='bbox 413 1543 543 1581; x_wconf 84' lang='grc' dir='ltr'><em>βασιλεῖ</em></span> <span class='ocrx_word' id='word_1_225' title='bbox 564 1542 713 1580; x_wconf 82' lang='grc' dir='ltr'><em>Δαυίδης</em></span> <span class='ocrx_word' id='word_1_226' title='bbox 737 1541 844 1581; x_wconf 81' lang='grc' dir='ltr'><em>ὥσπερ</em></span> <span class='ocrx_word' id='word_1_227' title='bbox 868 1542 1064 1581; x_wconf 77' lang='grc' dir='ltr'><em>ἔμπροσθεν.</em></span> 
     </span>
     <span class='ocr_line' id='line_1_32' title="bbox 229 1592 1170 1633; baseline 0 -10"><span class='ocrx_word' id='word_1_228' title='bbox 229 1595 336 1632; x_wconf 72' lang='grc'>&lt;213&gt;</span> <span class='ocrx_word' id='word_1_229' title='bbox 353 1594 433 1624; x_wconf 74' lang='grc' dir='ltr'><em>κατὰ</em></span> <span class='ocrx_word' id='word_1_230' title='bbox 453 1592 489 1624; x_wconf 75' lang='grc' dir='ltr'><em>δὲ</em></span> <span class='ocrx_word' id='word_1_231' title='bbox 508 1598 626 1624; x_wconf 88' lang='grc' dir='ltr'><em>τοῦτον</em></span> <span class='ocrx_word' id='word_1_232' title='bbox 645 1594 703 1624; x_wconf 91' lang='grc' dir='ltr'><em>τὸν</em></span> <span class='ocrx_word' id='word_1_233' title='bbox 722 1594 837 1633; x_wconf 88' lang='grc' dir='ltr'><em>καιρὸν</em></span> <span class='ocrx_word' id='word_1_234' title='bbox 856 1598 922 1623; x_wconf 90' lang='grc' dir='ltr'><em>τῶν</em></span> <span class='ocrx_word' id='word_1_235' title='bbox 937 1595 1170 1624; x_wconf 86' lang='grc' dir='ltr'><em>Παλαιστινῶν</em></span> 
     </span>
     <span class='ocr_line' id='line_1_33' title="bbox 163 1644 1169 1686; baseline -0.001 -9"><span class='ocrx_word' id='word_1_236' title='bbox 163 1645 454 1686; x_wconf 81' lang='grc' dir='ltr'><em>στρατευσαμένων</em></span> <span class='ocrx_word' id='word_1_237' title='bbox 473 1646 572 1677; x_wconf 84' lang='grc' dir='ltr'><em>πάλιν</em></span> <span class='ocrx_word' id='word_1_238' title='bbox 592 1645 643 1677; x_wconf 81' lang='grc' dir='ltr'><em>ε’πὶ</em></span> <span class='ocrx_word' id='word_1_239' title='bbox 664 1647 740 1682; x_wconf 82' lang='grc' dir='ltr'><em>τοὺς</em></span> <span class='ocrx_word' id='word_1_240' title='bbox 753 1645 935 1686; x_wconf 84' lang='grc' dir='ltr'><em>Ἑβραίους,</em></span> <span class='ocrx_word' id='word_1_241' title='bbox 954 1644 1070 1685; x_wconf 75' lang='grc' dir='ltr'><em>πέμπει</em></span> <span class='ocrx_word' id='word_1_242' title='bbox 1091 1646 1169 1685; x_wconf 81' lang='grc' dir='ltr'><em>μετὰ</em></span> 
     </span>
    </p>
   </div>
   <div class='ocr_carea' id='block_1_8' title="bbox 1186 1445 1210 1463">
    <p class='ocr_par' dir='ltr' id='par_1_8' title="bbox 1186 1445 1210 1463">
     <span class='ocr_line' id='line_1_34' title="bbox 1186 1445 1210 1463; baseline 0 0"><span class='ocrx_word' id='word_1_243' title='bbox 1186 1445 1210 1463; x_wconf 72' lang='grc'><em>25</em></span> 
     </span>
    </p>
   </div>
   <div class='ocr_carea' id='block_1_9' title="bbox 162 1699 1208 1740">
    <p class='ocr_par' dir='ltr' id='par_1_9' title="bbox 162 1699 1208 1740">
     <span class='ocr_line' id='line_1_35' title="bbox 162 1699 1208 1740; baseline -0.003 -11"><span class='ocrx_word' id='word_1_244' title='bbox 162 1703 314 1740; x_wconf 77' lang='grc' dir='ltr'><em>στρατιᾶς</em></span> <span class='ocrx_word' id='word_1_245' title='bbox 337 1699 394 1730; x_wconf 92' lang='grc' dir='ltr'><em>τὸν</em></span> <span class='ocrx_word' id='word_1_246' title='bbox 413 1699 566 1738; x_wconf 82' lang='grc' dir='ltr'><em>Δαυίδην</em></span> <span class='ocrx_word' id='word_1_247' title='bbox 589 1699 813 1739; x_wconf 88' lang='grc' dir='ltr'><em>πολεμήσοντα</em></span> <span class='ocrx_word' id='word_1_248' title='bbox 837 1704 905 1734; x_wconf 80' lang='grc' dir='ltr'><em>τοῖς</em></span> <span class='ocrx_word' id='word_1_249' title='bbox 924 1700 1168 1734; x_wconf 83' lang='grc' dir='ltr'><em>Παλαιστινοῖς.</em></span> <span class='ocrx_word' id='word_1_250' title='bbox 1183 1706 1208 1725; x_wconf 85' lang='lat'><em>³0</em></span> 
     </span>
    </p>
   </div>
   <div class='ocr_carea' id='block_1_10' title="bbox 233 1759 617 1791">
    <p class='ocr_par' dir='ltr' id='par_1_10' title="bbox 233 1759 617 1791">
     <span class='ocr_line' id='line_1_36' title="bbox 233 1759 617 1791; baseline -0.003 -7"><span class='ocrx_word' id='word_1_251' title='bbox 233 1762 247 1790; x_wconf 63' lang='lat' dir='ltr'>g</span> <span class='ocrx_word' id='word_1_252' title='bbox 268 1762 317 1784; x_wconf 73' lang='lat'><em>210</em></span> <span class='ocrx_word' id='word_1_253' title='bbox 339 1772 369 1780; x_wconf 89' lang='lat'>=</span> <span class='ocrx_word' id='word_1_254' title='bbox 392 1762 404 1784; x_wconf 90' lang='lat'>1</span> <span class='ocrx_word' id='word_1_255' title='bbox 426 1759 492 1791; x_wconf 81' lang='lat' dir='ltr'>Reg.</span> <span class='ocrx_word' id='word_1_256' title='bbox 514 1759 576 1784; x_wconf 78' lang='lat' dir='ltr'><em>XIX</em></span> <span class='ocrx_word' id='word_1_257' title='bbox 593 1762 617 1783; x_wconf 88' lang='lat'>5</span> 
     </span>
    </p>
   </div>
  </div>
 </body>
</html>
