1261 1917
177 33 240 64 292
542 34 812 59 ΑΡΧΑΙΟΛΟΓΙΑΣ

243 114 281 144 τὰ
305 111 365 153 μὲν
389 110 450 144 οὖν
471 112 546 154 περὶ
565 117 624 144 τοῦ
644 112 803 154 βασιλέως
819 112 962 153 Ἰωάσου,
986 113 1030 150 ὡς
1048 113 1108 153 τὴν
1126 118 1184 154 τῆς

180 167 344 202 Γοθολίας
373 164 552 206 ἐπιβουλὴν
580 165 717 206 διέφυγε
746 165 799 197 καὶ
822 166 882 206 τὴν
910 167 1079 206 βασιλείαν
1102 176 1184 206 παρ-

139 221 157 251 8
179 218 305 258 ἐλαβεν,
329 217 365 248 ἐν
388 219 517 255 τούτοις
541 218 782 258 δεδηλώκαμεν·
808 218 915 258 <159>
936 217 1086 258 Ἀζάηλος
1110 217 1139 249 δ’
1166 218 1183 250 ὁ

178 276 244 301 τῶν
263 270 385 311 Σύρων
409 272 562 311 βασιλεὺς
581 273 732 311 πολεμῶν
751 275 819 307 τοῖς
835 269 1048 312 Ἰσραηλίταις
1068 269 1121 301 καὶ
1140 275 1185 312 τῷ

179 326 308 364 βασιλεῖ
334 322 443 354 αὐτῶν
469 321 567 362 Ἰηοῦ,
601 322 772 364 διέφθειρε
804 327 861 363 τῆς
888 322 992 364 πέραν
1016 322 1212 363 Ἰορδάνου5

179 376 285 416 χώρας
318 376 357 406 τὰ
389 375 470 416 πρὸς
502 375 562 414 τὴν
595 374 758 415 ἀνατολὴν
790 381 856 406 τῶν
883 374 1100 416 Ῥουβηνιτῶν
1132 373 1185 406 καὶ

181 429 331 459 Γαδιτῶν
354 426 408 458 καὶ
432 429 668 467 Μανασσιτῶν,
695 428 742 458 ἔτι
766 426 802 458 δὲ
825 427 879 458 καὶ
903 428 962 467 τὴν
987 429 1018 458 Γ
1014 428 1186 459 αλααδϊτιν

180 479 233 511 καὶ
263 481 466 519 Βαταναίαν,
499 482 677 520 πυρπολῶν
705 479 810 510 πάντα
837 479 891 510 καὶ
920 480 1106 521 διαρπάζων
1133 479 1186 511 καὶ

180 537 249 569 τοῖς
274 533 320 569 εἰς
342 537 453 573 χεῖρας
476 531 642 563 ἀπαντῶσι
666 533 743 572 βίαν
766 531 972 573 προσφέρων.
1016 532 1124 572 <16Ο>
1148 532 1187 563 οὐ

181 586 243 625 γὰρ
273 585 361 624 ἔφθη
391 584 491 615 αὐτὸν
512 583 615 624 Ἰηοῦς
638 583 827 625 ἀμύνασθαι
855 589 1018 615 κακοῦντα
1045 585 1105 624 τὴν
1127 585 1188 624 χώ-
1204 592 1229 611 10

182 649 259 677 ραν,
288 636 370 668 ἀλλὰ
393 635 447 668 καὶ
470 642 537 668 τῶν
561 637 607 674 εἰς
629 638 666 668 τὸ
690 640 785 668 θεῖον
808 637 991 678 ὑπερόπτης
1013 638 1189 677 γενόμενος

183 689 236 721 καὶ
260 690 510 731 καταφρονήσας
537 694 594 730 τῆς
618 690 709 726 ὁσίας
732 688 785 720 καὶ
809 695 875 720 τῶν
898 690 1009 729 νόμων
1033 688 1189 729 ἀπέθανε,

184 742 380 782 βασιλεύσας
396 742 449 781 ἔτη
464 747 530 772 τῶν
542 740 751 782 Ἰσραηλιτῶν
771 740 849 772 ἑπτὰ
868 739 922 772 καὶ
940 743 1049 772 εἰκοσι.
1088 740 1189 781 ε’τάφη

185 793 213 824 δ’
242 793 277 825 ἐν
301 796 481 836 Σαμαρείᾳ,
505 798 562 834 τῆς
585 793 686 835 ἀρχῆς
710 794 865 834 διάδοχον
882 792 1010 831 Ἰώαζον
1032 794 1091 824 τὸν
1114 793 1189 824 υἱὸν

183 847 379 877 καταλιπών.
1205 853 1229 872 15

149 909 165 932 2
252 899 368 939 <161>
396 899 454 929 τὸν
483 897 518 929 δὲ
546 904 613 929 τῶν
637 897 871 939 Ἱεροσολύμων
899 897 1033 938 βασιλέα
1059 897 1190 929 Ἰώασον

186 952 268 993 ὁρμή
296 963 345 988 τις
374 952 468 991 ἔλαβε
496 951 554 981 τὸν
578 951 660 981 ναὸν
688 950 896 981 ἀνακαινίσαι
924 955 983 981 τοῦ
1011 954 1109 990 θεοῦ,
1137 949 1190 981 καὶ

185 1005 243 1035 τὸν
263 1002 414 1044 ἀρχιερέα
432 1002 570 1040 καλέσας
587 1001 718 1034 Ἰώδαον
739 1003 784 1039 είς
803 1003 931 1034 ἅπασαν
947 1002 1094 1034 ἐκέλευσε
1114 1001 1192 1042 πέμ-

188 1062 245 1093 ψαι
274 1056 333 1096 τὴν
361 1056 472 1096 χώραν
502 1057 578 1092 τοὺς
606 1056 746 1092 Λευίτας
778 1055 830 1086 καὶ
863 1056 968 1096 ἱερέας
1000 1056 1192 1094 αἰτήσοντας

186 1107 268 1150 ὑπὲρ
289 1107 423 1148 ἑκάστης
437 1111 581 1148 κεφαλῆς
595 1108 768 1148 ἡμίσικλον
788 1107 933 1148 ἀργύρου
954 1109 1000 1144 εἰς
1019 1107 1192 1147 ἐπισκευὴν
1201 1114 1232 1133 ”20

187 1161 240 1192 καὶ
265 1160 449 1192 ἀνανέωσιν
473 1165 531 1192 τοῦ
555 1165 652 1200 ναοῦ,
680 1159 924 1197 καταλυθέντος
952 1161 1015 1191 ὑπὸ
1037 1159 1192 1201 Ἰωράμου

188 1213 241 1244 καὶ
263 1214 427 1250 Γοθολίας
450 1212 504 1243 καὶ
528 1218 593 1243 τῶν
617 1213 745 1243 παίδων
769 1212 876 1252 αὐτῆς.
919 1212 1026 1252 <162>
1049 1212 1066 1243 ὁ
1086 1211 1115 1242 δ’
1138 1211 1193 1253 άρ-

188 1267 315 1306 χιερεὺς
342 1270 438 1296 τοῦτο
463 1264 522 1306 μὲν
547 1265 605 1296 οὐκ
630 1264 774 1305 ἐποίησε,
804 1264 914 1301 συνεὶς
943 1265 986 1301 ὡς
1010 1263 1119 1301 οὐδεὶς
1143 1263 1194 1295 εύ-

188 1318 366 1358 γνωμόνως
389 1317 564 1358 προήσεται
588 1316 778 1357 τάργύριον·
802 1317 899 1358 τρίτῳ
925 1314 960 1347 δὲ
984 1315 1037 1347 καὶ
1061 1317 1194 1358 εἰκοστῷ

189 1374 246 1410 τῆς
269 1371 436 1410 βασιλείας
465 1371 526 1400 ἔτει
551 1368 844 1410 μεταπεμψαμένου
873 1373 931 1399 τοῦ
958 1368 1116 1409 βασιλέως
1139 1369 1195 1399 αὐ-
1210 1375 1235 1395 ‘25

190 1423 248 1452 τόν
272 1433 305 1452 τε
329 1421 382 1452 καὶ
408 1423 562 1461 Λευίτας,
590 1421 644 1452 καὶ
668 1422 711 1458 ὡς
734 1422 1004 1462 παρακούσαντας
1027 1419 1073 1452 ὧν
1096 1430 1195 1461 προσ-

191 1474 301 1512 έταξεν
334 1474 545 1515 αἰτιωμένου,
583 1473 636 1505 καὶ
673 1475 886 1511 κελεύσαντος
923 1475 968 1511 εἰς
1005 1475 1041 1505 τὸ
1076 1473 1196 1514 με’λλον

191 1530 405 1567 προνοεῖσθαι
440 1532 496 1567 τῆς
530 1527 701 1566 ἐπισκευῆς
732 1531 791 1557 τοῦ
823 1531 919 1565 ναοῦ,
957 1527 1195 1567 στρατηγήματι

191 1584 306 1619 χρῆται
330 1581 411 1620 πρὸς
434 1580 494 1619 τὴν
518 1580 682 1619 συλλογὴν
705 1584 771 1610 τῶν
789 1579 962 1620 χρημάτων
981 1579 998 1610 ὁ
1019 1578 1196 1620 ἀρχιερεύς,

193 1628 217 1673 ᾧ
245 1633 280 1662 τὸ
309 1634 437 1672 πλῆθος
470 1631 572 1671 ἡδέως
605 1633 689 1672 ἔσχε,
722 1632 868 1674 τοιούτω.
915 1631 1031 1672 <163>
1063 1630 1196 1668 ξύλινον
1210 1638 1235 1657 ³0

264 1694 337 1722 §159
348 1704 379 1712 =
389 1694 403 1716 4
413 1691 512 1724 Regj(
522 1694 562 1718 32.
629 1694 743 1722 §161=
753 1694 767 1716 2
777 1691 864 1718 Para1.
876 1691 998 1723 XX1V43
1013 1690 1103 1724 4Reg.
1112 1690 1163 1716 XII
1171 1694 1195 1716 4.
