1261 1917
561 24 682 48 ENATH
1065 22 1127 54 261

111 106 241 144 πλῆθος
265 102 417 143 γυναιξὶν
445 104 510 144 ἅμα
535 102 588 135 καὶ
613 103 740 141 τέκνοις
765 103 918 135 [κε’τευεν.
964 104 1050 144 <10>
1072 103 1131 136 Ἰα-

112 158 219 197 ζιήλος
248 155 287 187 δέ
313 169 362 193 τις
389 157 561 198 προφήτης
588 157 767 197 παρελθὼν
795 157 842 194 εἰς
866 156 968 197 με’σην
997 157 1057 197 τὴν
1082 157 1131 189 ἐκ-

111 211 249 250 κλησίαν
273 209 444 250 ἀνεβόησε,
467 215 512 253 τῷ
530 221 564 241 τε
584 210 705 250 πλήθει
726 209 832 249 λέγων
854 209 907 240 καὶ
927 215 972 252 τῷ
992 212 1130 251 βασιλεῖ,

112 263 170 293 τὸν
193 263 276 293 θεὸν
301 261 479 294 ἐπακοῦσαι
504 268 571 294 τῶν
595 262 711 303 εὐχῶν,
735 261 789 293 καὶ
808 264 1008 303 πολεμήσειν
1029 263 1131 295 αὐτὸν

85 321 180 352 ῦτοῖς
204 314 339 356 ἐχθροῖς
363 315 630 355 ἐπαγγείλασθαι.
669 311 846 356 προσέταξε
871 313 907 346 δὲ
930 320 968 357 τῇ
994 315 1131 358 ἐπιούσῃ

112 368 171 408 τὴν
191 369 348 409 στρατιὰν
368 367 563 406 ἐξελάσαντα
584 374 653 406 τοῖς
671 370 841 409 πολεμίοις
860 368 1022 400 ὑπαντᾶν·
1044 370 1131 410 <11>

115 421 268 463 εὑρήσειν
292 423 354 463 γὰρ
379 421 499 459 αὐτοὺς
524 421 576 453 ἐπὶ
599 427 658 462 τῆς
681 421 800 463 μεταξὺ
816 420 1053 463 Ἱεροσολύμων
1077 421 1132 454 καὶ

111 473 292 515 Έγγάδόης
320 474 526 516 ἀναβάσεως,
560 474 738 515 λεγομένης
767 473 797 505 θ’
826 473 969 515 Ἐξοχῆς,
1002 475 1056 506 καὶ.
1087 476 1131 517 μὴ

115 530 297 569 συμβαλεῖν
329 527 390 569 μὲν
421 528 549 565 αὐτοῖς,
583 528 723 565 στάντας
756 526 793 559 o}
821 529 925 568 μόνον
952 528 1035 568 ὁρᾶν
1063 534 1132 566 πῶς

73 590 98 610 10
113 581 225 618 αὐτοῖς
249 581 384 622 μάχεται
408 582 444 612 τὸ
468 585 574 613 θεῖον.
621 586 680 612 τοῦ
710 579 745 612 δὲ
770 582 943 622 προφήτου
969 581 1060 613 ταῦτ’
1088 583 1131 613 εἰ-

112 636 232 671 πόντος
261 635 277 665 ὁ
302 633 363 675 μὲν
391 636 546 675 βασιλεὺς
574 634 627 666 καὶ
656 635 696 681 τὸ,
722 637 866 675 πλῆθος,
895 636 1050 673 πεσόντες
1079 634 1131 667 ἐπὶ

113 689 306 728 πρόσωπον,
334 688 558 729 ηὐχαρίστουν
586 700 620 719 τε
648 693 692 731 τῷ
721 692 790 731 θεῷ
814 687 868 719 καὶ
891 689 1131 729 προσεκύνουν,

113 741 147 771 οἱ
170 739 206 771 δὲ
231 743 368 772 Λευῖται
392 746 462 778 τοῖς
486 741 642 781 ὀργάνοις
667 740 836 772 διετέλουν
860 741 1051 781 ὑμνοῦντες.

180 794 275 833 <12>
305 794 370 834 ἅμα
395 792 425 824 δ’
455 793 556 835 ἡμέρα
580 794 757 834 προελθὼν
781 793 798 825 ὁ
823 795 977 834 βασιλεὺς
1001 795 1048 830 εἰς
1071 793 1131 833 τὴν

73 856 97 875 15
113 847 235 887 ἔρημον
263 847 324 886 τὴν
352 846 505 878 ὑποκάτω
536 847 668 884 Θεκώας
695 847 836 885 πόλεως,
867 847 956 885 ἔλεγε
985 847 1067 887 πρὸς
1094 847 1131 877 τὸ

112 903 242 940 πλῆθος
267 900 311 936 ὡς
335 900 388 930 δεῖ
409 900 576 930 πιστεύειν
595 904 664 936 τοῖς
688 899 751 930 ὑπὸ
773 904 833 930 τοῦ
852 900 1026 940 προφήτου
1046 900 1132 940 εἰρη-

112 952 242 993 μένοις,
270 951 323 983 καὶ
353 953 396 993 μὴ
420 952 685 993 παρατάττεσθαι
714 950 774 993 μὲν
801 952 921 990 αὐτοὺς
945 953 992 990 εἰς
1015 952 1132 993 μάχην,

112 1005 404 1046 προστησαμένους
433 1004 468 1036 δὲ
496 1007 574 1043 τοὺς
608 1006 705 1046 ἱερεῖς
733 1006 812 1046 μετὰ
841 1011 908 1037 τῶν
941 1007 1132 1045 σαλπίγγων

112 1058 165 1089 καὶ
191 1061 333 1096 Λευίτας
357 1059 436 1099 μετὰ
460 1064 526 1089 τῶν
550 1058 747 1099 ὑμνούντων
771 1058 976 1099 εὐχαριστεῖν
1000 1058 1045 1095 ὡς
1071 1058 1130 1098 ἤδη

72 1120 98 1139 20
113 1111 286 1154 ῥυσαμένῳ
311 1112 371 1152 τὴν
396 1112 507 1152 χώραν
526 1111 619 1152 ἡμῶν
638 1112 726 1152 παρὰ
746 1116 812 1142 τῶν
831 1113 1007 1152 πολεμίων.
1046 1111 1132 1152 <13>

113 1165 211 1205 ’ἤρεσε
241 1163 271 1196 δ’
297 1165 317 1205 ἡ
346 1169 405 1196 τοῦ
433 1163 594 1205 βασιλέως
622 1165 750 1205 γνώμη,
778 1163 832 1195 καὶ
860 1165 942 1205 ἅπερ
972 1164 1132 1204 συνεβού-

113 1221 219 1257 λευσε,
243 1217 333 1249 ταῦτ’
361 1219 530 1259 ἔπραττον.
578 1218 595 1249 ὁ
620 1216 656 1249 δὲ
684 1218 764 1255 θεὸς
788 1218 835 1255 εἰς
863 1218 971 1258 φόβον
997 1216 1132 1257 ἐνέβαλε

111 1270 165 1302 καὶ
184 1271 330 1311 ταραχὴν
348 1272 425 1308 τοὺς
442 1269 648 1311 Ἀμμανίτας.
686 1272 720 1301 οἳ
737 1269 773 1301 δὲ
794 1270 948 1308 δόξαντες
967 1269 1132 1309 ἀλλήλους

111 1325 291 1364 πολεμίους
319 1322 526 1363 ἀπέκτεινον,
560 1324 604 1361 ὡς
632 1323 667 1354 ἐκ
695 1328 753 1364 τῆς
784 1323 945 1363 τοσαύτης
978 1327 1132 1363 στρατιᾶς

73 1385 98 1404 ‘2⁵
113 1376 331 1416 ἀνασωθῆναι
360 1375 494 1417 μηδένα.
541 1377 636 1416 <14>
662 1375 860 1416 Ἰωσάφατος
887 1374 916 1406 δ’
943 1375 1133 1416 ἀποβλέψας

112 1430 159 1466 εἰς
188 1429 248 1469 τὴν
277 1429 432 1470 φάραγγα
461 1429 497 1460 ἐν
525 1426 546 1470 ἧ
574 1428 771 1470 συνέβαινεν
800 1427 1132 1470 ἐστρατοπεδευκέναι

111 1484 189 1519 τοὺς
207 1484 396 1523 πολεμίους,
420 1481 474 1513 καὶ
494 1483 602 1523 πλήρη
624 1488 749 1523 νεκρῶν
770 1482 862 1521 ἰδών,
886 1482 974 1522 ἥσθη
997 1479 1058 1523 μὲν
1078 1480 1130 1513 ἐπὶ

113 1540 158 1577 τῷ
182 1536 358 1579 παραδόξῳ
383 1540 442 1576 τῆς
465 1540 524 1566 τοῦ
548 1538 632 1566 θεοῦ
657 1537 826 1575 βοηθείας,
852 1535 902 1566 ὅτι
926 1533 1008 1576 μηδὲ
1031 1535 1132 1574 πονή·

114 1597 211 1620 σασιν
235 1588 348 1626 αὐτοῖς
371 1589 471 1626 αὐτὸς
495 1587 538 1619 δι’
566 1587 685 1619 ἑαυτοῦ
710 1589 770 1628 τὴν
794 1590 890 1628 νίκην
915 1588 1051 1627 ἔδωκεν,
1077 1587 1131 1619 ε’π-

74 1649 99 1668 30
114 1640 227 1683 ε’τρεψε
255 1640 291 1673 δὲ
319 1646 357 1682 τῇ
383 1646 518 1683 στρατιᾷ
543 1641 722 1683 διαρπάσαι
746 1641 806 1681 τὴν
830 1641 1042 1682 παρεμβολὴν
1065 1646 1132 1672 τῶν

183 1704 197 1733 ξ
217 1704 247 1727 10
268 1715 300 1723 =
320 1705 335 1727 2
351 1702 507 1728 Para1.XX
526 1705 565 1729 14.
