1261 1917
109 82 173 113 364
479 85 748 110 ΑΡΧΑΙΟΛΟΓΙΑΣ

109 164 269 203 βεβηκότα
302 164 360 195 τὸν
390 163 563 205 Ἡρακλέα·
601 164 887 206 καταστρέψασθαι
922 167 983 207 γὰρ
1017 165 1118 197 αὐτόν

109 224 190 255 φησι
210 216 339 256 Λιβύης
358 217 417 256 τὴν
435 217 561 257 πολλὴν
581 217 634 248 καὶ
651 216 803 259 Ἰβηρίαν.
841 219 947 259 <228>
968 217 1020 249 καὶ
1038 221 1118 250 Διο-

109 271 188 308 κλῆς
212 267 241 299 δ’
265 268 300 299 ἐν
323 273 361 310 τῇ
386 269 522 312 δευτέρᾳ
545 275 611 301 τῶν
631 273 806 311 Περσικῶν
825 272 1020 312 μνημονεύει
1045 272 1118 302 τού-

110 332 168 351 του
196 325 255 352 τοῦ
279 320 452 361 βασιλέως,
480 321 534 353 καὶ
561 324 783 364 Φιλόστρατος
812 323 847 354 ἐν
875 329 946 360 ταῖς
966 323 1119 360 Ἰνδικαῖς

108 372 162 404 καὶ
189 375 394 411 Φοινικικαῖς
418 375 592 415 ἱστορίαις,
621 376 670 407 ὅτι
699 373 794 413 οὗτος
823 376 839 407 ὁ
864 377 1017 417 βασιλεὺς
1046 375 1118 407 ἐπο-

109 427 261 467 λιόρκησε
296 427 405 467 Τύρον
439 428 522 458 ε”τεσι
555 426 642 468 τρισὶ
675 427 728 458 καὶ
762 427 854 468 δέκα,
887 429 1119 468 βασιλεύοντος

109 477 178 509 κατ’
206 477 334 510 ἐκεῖνον
357 480 415 510 τὸν
439 480 555 519 καιρὸν
576 478 759 520 Ἰθωβάλου
783 485 840 520 τῆς
868 482 985 521 Τύρου.

175 530 228 561 καὶ
257 531 295 562 τὰ
320 529 379 571 μὲν
403 532 466 563 ὑπὸ
493 532 625 563 πάντων
655 532 871 573 ἱστορούμενα
898 532 971 574 περὶ
1000 535 1119 565 τούτου

109 588 168 614 τοῦ
193 583 352 624 βασιλέως
375 583 465 615 ταῦτ’
494 582 545 624 ἧν·
573 586 680 625 (229)
705 586 783 625 μετὰ
808 584 843 616 δὲ
867 585 927 625 τὴν
947 587 1119 626 Ναβουχο-

110 636 293 677 δονοσόρου
312 637 467 677 τελευτὴν
484 636 791 679 Ἀβιλαμαρώδαχος
810 638 826 669 ὁ
846 643 923 675 παῖς
940 638 1041 669 αὐτοῦ
1060 638 1119 678 τὴν

109 690 279 728 βασιλείαν
302 690 565 730 παραλαμβάνει,
589 690 625 727 ὃς
649 690 751 727 εὐθὺς
774 691 832 721 τὸν
856 696 922 722 τῶν
942 690 1120 731 Ἱεροσολύ-

109 753 179 781 μων
199 740 334 782 βασιλεά
346 741 510 782 Ἰεχωνίαν
530 748 596 774 τῶν
616 743 745 784 δεσμῶν
765 742 860 783 ἀφεὶς
880 743 915 774 ἐν
934 749 1002 780 τοῖς
1022 743 1119 783 ἀναγ-

109 794 292 831 καιοτάτοις
316 799 382 824 τῶν
407 796 514 834 φίλων
539 792 614 835 εἶχε,
638 796 761 832 πολλὰς
785 795 872 838 αὐτῷ
893 796 1017 837 δωρεὰς
1041 796 1120 832 δοὺς

110 845 164 877 καὶ
191 847 329 886 ποιήσας
363 846 463 878 αὐτὸν
493 846 544 878 ἐπὶ
574 853 639 878 τῶν
668 847 704 878 ἐν
732 852 769 888 τῇ
798 850 996 890 Βαβυλωνία
1029 850 1120 888 βασι-

109 900 215 930 λείων.
251 899 359 939 <230>
383 899 400 929 ὁ
424 900 485 939 γὰρ
505 900 610 941 πατὴρ
631 900 733 931 αὐτοῦ
752 901 812 940 τὴν
831 902 942 932 πίστιν
961 901 1021 932 οὐκ
1041 900 1119 941 ἐφύ-

109 951 183 988 λαξε
202 955 246 993 τῷ
263 950 416 993 Ἰεχωνία,
437 952 618 992 παραδόντι
639 953 717 993 μετὰ
737 958 904 992 γυναικῶν
923 951 976 983 καὶ
997 952 1120 984 τέκνων

108 1003 161 1034 καὶ
190 1008 247 1044 τῆς
280 1005 470 1043 συγγενείας
503 1004 580 1043 ὅλης
613 1003 770 1041 ἑκουσίως
803 1004 920 1036 ἑαυτὸν
952 1003 1034 1046 ὑπὲρ
1063 1010 1120 1046 τῆς

108 1057 280 1096 πατρίδος,
313 1056 356 1093 ὡς
384 1056 425 1087 ἂν
453 1057 496 1097 μὴ
524 1059 746 1097 κατασκαφείη
775 1060 940 1097 ληφθεῖσα
972 1058 1035 1089 ὑπὸ
1064 1063 1120 1098 τῆς

108 1110 309 1149 πολιορκίας,
328 1109 440 1146 καθὼς
458 1110 706 1150 προειρήκαμεν.
745 1111 853 1150 <231>
868 1112 1120 1150 τελευτήσαντος

110 1161 139 1192 δ’
168 1161 477 1202 Ἀβιλαμαρωδάχου
509 1161 576 1202 μετ’
609 1163 662 1202 ε”τη
696 1162 915 1193 ὀκτωκαίδεκα
943 1168 1000 1203 τῆς
1028 1165 1119 1204 βασι-

109 1216 212 1253 λείας,
242 1216 444 1255 Νιγλίσαρος
469 1214 485 1245 ὁ
509 1220 585 1251 παῖς
609 1215 711 1246 αὐτοῦ
740 1215 799 1255 τὴν
823 1215 927 1256 ἀρχὴν
952 1219 1119 1257 παραλαμ-

109 1267 216 1307 βάνει,
249 1265 302 1297 καὶ
335 1267 504 1307 κατασχὼν
538 1267 640 1307 αὐτὴν
674 1268 727 1307 ἔτη
760 1268 995 1308 τετταράκοντα
1023 1280 1119 1299 κατα-

109 1318 242 1360 στρέφει
266 1321 324 1350 τὸν
348 1321 432 1360 βίον.
478 1319 546 1360 μετ’
573 1320 674 1351 αὐτὸν
703 1319 732 1350 δ’
761 1321 807 1357 είς
830 1321 889 1351 τὸν
916 1321 992 1352 υἱὸν
1017 1321 1118 1353 αὐτοῦ

109 1372 368 1413 Λαβοσόρδαχον
387 1372 571 1412 ἀφικνεῖται
592 1377 649 1413 τῆς
669 1374 837 1413 βασιλείας
855 1372 874 1413 ἡ
895 1373 1042 1414 διαδοχή,
1065 1373 1118 1405 καὶ

108 1429 213 1465 μῆνας
232 1426 394 1464 ποιήσασα
413 1424 489 1465 παρ’
512 1425 599 1467 αὐτῷ
618 1426 695 1462 τοὺς
714 1425 838 1462 πάντας
858 1425 953 1456 ἐννεά
972 1428 1118 1466 τελευτή-

109 1487 226 1514 σαντος
250 1477 352 1508 αὐτοῦ
376 1479 564 1518 μεταβαίνει
588 1479 670 1519 πρὸς
689 1478 904 1520 Βαλτάσαρον
925 1480 983 1510 τὸν
1002 1479 1118 1510 καλού-

108 1541 209 1570 μενον
225 1530 467 1570 Ναβοάνδηλον
481 1531 568 1571 παρὰ
583 1535 652 1567 τοῖς
667 1532 903 1571 Βαβυλωνίοις.
942 1531 1049 1571 <232>
1067 1530 1117 1562 ἐπὶ

108 1587 226 1613 τοῦτον
251 1582 463 1622 στρατεύουσι
485 1584 597 1622 Κῦρός
621 1581 655 1613 θ’
683 1583 699 1614 ὁ
725 1585 865 1624 Περσῶν
889 1585 1041 1623 βασιλεὺς
1064 1583 1117 1615 καὶ

108 1638 250 1675 Δαρεῖος
279 1634 295 1665 ὁ
324 1635 468 1673 ΛΜήδων,
497 1634 551 1665 καὶ
580 1634 847 1678 πολιορκουμένῳ
877 1635 963 1677 αὐτῷ
993 1636 1028 1667 ἐν
1054 1638 1118 1667 Βα-

109 1690 233 1728 βυλῶνι
267 1687 455 1727 θαυμάσιόν
488 1699 517 1718 τι
550 1686 604 1718 καὶ
637 1687 808 1728 τεράστιον
840 1687 949 1728 θέαμα
987 1688 1117 1729 συνέβη.

179 1750 193 1779 ξ
210 1750 259 1773 229
278 1760 309 1768 =
324 1750 339 1772 4
355 1746 414 1779 Reg
438 1746 512 1772 XXV
529 1749 574 1778 ‘273
595 1747 690 1774 Ierem.
706 1747 752 1772 LII
768 1751 808 1773 31.

1136 651 1159 670 10

1136 913 1159 932 15

1134 1175 1159 1194 20

1133 1437 1158 1456 25

1132 1699 1157 1718 30
