1261 1917
167 90 208 120 86
531 89 802 114 ΑΡΧΑΙΟΛΟΓΙΑΣ

166 170 295 201 διώκων
317 168 456 210 Ἰώαβος,
480 168 550 200 ἀλλ’
572 169 670 206 αὐτός
693 168 721 200 τ’
749 168 889 200 ἐνέκειτο
913 169 1171 209 παρακελευόμε-

166 234 223 260 νος
250 224 326 259 τοὺς
355 222 487 259 ὁπλίτας
516 222 550 253 ἐκ
577 223 678 259 ποδὸς
711 222 848 253 ἕπεσθαι
880 221 933 253 καὶ
964 222 1007 262 μὴ
1035 221 1171 262 κάμνειν

166 275 393 315 ἀναιροῦντας,
412 275 497 315 <14>
513 276 547 306 οῖ’
559 273 587 306 τ’
605 274 741 316 ἀδελφοὶ
758 275 938 316 προθύμως
956 274 1171 314 ἠγωνίσαντο,

165 327 218 358 καὶ
256 327 512 368 διαφανέστερος
547 334 613 359 τῶν
651 328 760 359 ἄλλων
795 327 932 368 μάλιστα
966 327 982 358 ὁ
1016 327 1173 367 νεώτερος

163 379 331 420 Ἀσάηλος,
360 381 396 417 ὃς
425 380 475 412 ἐπὶ
500 381 612 412 ποδῶν
637 381 775 420 ὠκύτητι
804 379 897 417 κλεός
923 378 1008 420 εἶχεν
1033 378 1087 421 (οὐ
1111 380 1172 420 γὰρ

165 433 364 474 ἀνθρώπους
393 432 483 465 ε’νίκα
511 435 629 474 μόνον,
663 433 744 464 ἀλλὰ
773 432 825 464 καὶ
854 433 941 475 ἵππῳ
970 432 1172 463 καταστάντα

166 487 212 522 εἰς
236 486 376 526 ἅμιλλαν
397 486 529 526 λέγουσι
553 485 804 527 παραδραμεῖν),
828 484 881 516 καὶ
901 486 959 516 τὸν
976 484 1172 526 ’Λβέννηρον

166 537 300 569 ἐδίωκεν
323 539 386 570 ὑπὸ
412 539 516 579 ῥύμης
538 538 591 570 καὶ
615 543 672 579 τῆς
692 537 740 569 ἐπ’
763 539 868 579 ὀρθὸν
888 542 993 579 φορᾶς
1015 538 1061 574 εἰς
1080 537 1172 568 οὐδέ-

164 603 260 631 τερον
276 591 439 630 ἐγκλιθεὶς
454 597 519 622 τῶν
534 597 651 632 μερῶν.
692 592 778 631 <15>
794 590 1048 632 ἐπιστραφέντος
1063 588 1099 621 δὲ
1113 594 1172 621 τοῦ

161 642 361 684 Ἀβεννήρου
385 643 437 675 καὶ
461 646 737 684 κατασοφίζεσθαι
765 644 824 683 τὴν
851 644 955 684 ὁρμὴν
979 643 1080 674 αὐτοῦ
1104 654 1171 674 πει-

165 695 326 737 ρωμένου,
346 695 398 727 καὶ
418 694 495 727 ποτε
516 694 575 737 μὲν
595 697 744 732 εἰπόντος
764 695 837 732 ἑνὸς
855 701 921 727 τῶν
939 695 1057 726 ἑαυτοῦ
1077 703 1171 736 στρα-

163 755 290 780 τιωτῶν
318 749 484 790 ἀφέμενον
517 754 573 789 τῆς
606 749 746 786 διώξεως
775 748 957 789 ἀφελέσθαι
985 748 1045 788 τὴν
1073 759 1172 779 πανο-

163 804 273 841 πλίαν,
292 802 391 833 πάλιν
412 800 455 841 δ’,
475 802 518 838 ὡς
538 802 597 832 οὐκ
617 803 728 832 ἔπειθε
748 806 844 833 τοῦτο
863 807 981 841 ποιεῖν,
1001 806 1173 841 κατασχεῖν

164 855 265 885 αὑτὸν
288 853 341 885 καὶ
366 855 408 895 μὴ
429 855 562 885 διώκειν
581 859 832 895 παραινοῦντος,
856 854 898 895 μὴ
922 856 1050 891 κτείνας
1073 853 1173 884 αὐτὸν

164 906 306 947 ἀπολέσῃ
335 907 394 947 τὴν
418 908 500 947 πρὸς
522 908 580 937 τὸν
604 906 750 947 ἀδελφὸν
779 906 880 937 αὐτοῦ
908 907 1105 947 παρρησίαν·
1135 906 1174 937 οὐ

163 959 367 1000 προσέμενον
391 961 468 996 τοὺς
491 961 623 999 λόγους,
652 958 723 990 ἀλλ’
751 958 961 999 ἐπιμείναντα
988 963 1027 999 τῇ
1056 958 1174 999 διώξει,

165 1013 298 1052 φεύγων
322 1012 366 1048 ὡς
390 1009 454 1052 εἶχε
478 1012 513 1042 τὸ
539 1012 621 1052 δόρυ
645 1012 766 1051 πλήξας
793 1013 839 1048 εἰς
861 1011 1005 1042 τούπίσω
1029 1014 1173 1052 καιρίως,

163 1069 359 1106 παραχρῆμα
388 1064 585 1095 ἀπέκτεινεν.
632 1064 717 1104 <16>
749 1065 782 1095 οἱ
809 1062 843 1095 δὲ
872 1063 940 1104 μετ’
967 1063 1068 1095 αὐτοῦ
1098 1065 1173 1095 διώ-

1188 656 1212 674 10

1190 917 1214 936 15

164 1129 276 1154 κοντες
309 1118 367 1148 τὸν
392 1116 590 1157 Ἀβὲννηρον
623 1117 666 1154 ὡς
699 1114 806 1157 ἦλθον
840 1115 889 1147 ἐπὶ
919 1117 976 1147 τὸν
1004 1118 1106 1147 τόπον
1134 1114 1173 1148 οὗ
1195 1154 1201 1159 .

163 1173 293 1201 κεῖσθαι
310 1169 482 1210 συνέβαινε
501 1171 558 1201 τὸν
571 1169 738 1209 Ἀσάηλον,
758 1169 967 1210 περιστάντες
982 1170 1040 1200 τὸν
1054 1170 1172 1210 νεκρὸν

164 1222 271 1253 οὐκέτι
296 1224 373 1259 τοὺς
391 1224 567 1263 πολεμίους
588 1221 737 1252 ἐδίωκον·
763 1222 780 1253 ὁ
800 1220 832 1252 δ’
852 1220 981 1262 Ἰώαβος
1001 1221 1098 1259 αὐτὸς
1117 1221 1169 1253 καὶ

164 1275 306 1315 ἁδελφὸς
339 1275 441 1305 αὐτοῦ
469 1273 656 1315 Ἀβεσσαῖος
688 1274 958 1315 παραδραμόντες
990 1274 1025 1305 τὸ
1058 1280 1172 1315 πτῶμα

163 1326 216 1358 καὶ
246 1332 303 1367 τῆς
330 1329 482 1364 πλείονος
512 1326 562 1358 ἐπὶ
591 1328 648 1358 τὸν
669 1325 866 1367 Ἀβέννηρον
894 1327 1039 1367 σπουδῆς
1064 1328 1173 1357 αἰτίαν

162 1380 222 1419 τὴν
246 1378 327 1421 ὑπὲρ
352 1385 410 1411 τοῦ
439 1381 701 1419 τετελευτηκότος
725 1379 827 1420 ὀργὴν
851 1381 1020 1420 λαβόντες,
1048 1379 1171 1423 ἀπίστῳ

162 1432 251 1472 τάχει
280 1432 335 1463 καὶ
364 1435 535 1474 προθυμίᾳ
563 1433 739 1473 χρώμενοι,
768 1432 861 1473 μέχρι
890 1433 992 1463 τόπου
1020 1433 1109 1470 τινὸς
1135 1433 1173 1464 ὃν

160 1483 324 1525 Ἀμμάταν
348 1489 506 1516 καλοῦσιν
531 1485 668 1523 ἐδίωξαν
692 1486 750 1516 τὸν
771 1484 983 1525 Ἀβέννηρον,
1011 1485 1072 1525 ἤδη
1098 1485 1169 1525 περὶ

163 1538 289 1577 δυσμὰς
313 1539 407 1574 ὄντος
430 1538 535 1577 ἡλίου.
582 1539 667 1577 <17>
689 1537 812 1577 ἀναβὰς
832 1536 862 1567 δ’
885 1537 940 1568 ε’πί
956 1549 1029 1568 τινα
1048 1538 1172 1578 βουνὸν

164 1590 199 1626 ὅς
223 1589 311 1620 ἐστιν
342 1590 377 1621 ἐν
407 1590 518 1633 ἐκείνῳ
547 1595 591 1632 τῷ
621 1591 708 1632 τόπῳ
738 1589 837 1630 με’γας
862 1594 919 1630 τῆς
943 1590 1172 1630 Βενιαμίτιδος

163 1645 284 1682 φυλῆς,
318 1643 437 1680 αὐτούς
470 1655 502 1673 τε
536 1642 765 1674 κατεσκέπτετο
798 1641 851 1673 καὶ
882 1643 940 1673 τὸν
966 1641 1171 1683 Ἀβέννηρον.

162 1695 281 1726 τούτου
306 1694 336 1725 δ’
359 1695 617 1737 ἀνακεκραγότος
636 1693 689 1726 καὶ
709 1695 874 1735 φήσαντος
895 1694 938 1734 μὴ
959 1695 1030 1725 δεῖν
1049 1695 1172 1736 ἄνδρας
1186 1703 1211 1721 30
1231 1708 1234 1728 ι

233 1758 247 1787 g
264 1758 295 1780 14
316 1768 348 1776 =
369 1758 383 1781 2
403 1755 471 1788 Reg
491 1756 514 1781 ΙΙ
534 1758 572 1781 18.

1187 1180 1212 1199 20

1188 1442 1212 1461 25
