1261 1917
475 68 625 93 EBAOMH
994 66 1055 96 157

46 150 122 189 ἅγια
147 150 255 190 σκεύη,
279 149 341 189 πρὸ
365 150 490 179 πολλοῦ
515 149 597 179 ναὸν
622 147 798 188 ὀφείλοντα
823 148 919 188 ἔχειν,
944 147 973 178 εἰ
992 153 1058 178 τῶν

47 201 190 234 ἐντολῶν
217 206 275 233 τοῦ
302 204 385 232 θεοῦ
414 200 457 241 μὴ
485 201 698 242 παρήκουσαν
730 200 823 241 ἡμῶν
852 201 886 231 οἵ
911 199 1057 241 πατέρες,

47 254 275 296 ἐντειλαμένου
303 254 382 295 μετὰ
411 254 446 284 τὸ
475 253 535 293 τὴν
566 258 628 294 γῆν
656 254 778 294 ταύτην
808 258 982 293 κατασχεῖν
1011 254 1058 284 οἰ-

47 310 227 349 κοδομῆσαι
251 308 333 338 ναὸν
357 307 453 349 αὐτῷ.

20 371 33 391 5
115 365 215 392 ταῦτα
238 357 297 400 μὲν
321 360 403 399 πρὸς
426 360 502 396 τοὺς
528 358 688 399 ἡγεμόνας
711 359 728 391 ὁ
750 360 901 398 Δαυίδης
923 357 976 389 καὶ
1001 359 1059 389 τὸν

48 415 124 445 υἶὸν
147 413 248 445 αὐτοῦ
273 411 440 453 διελέχθη·
469 412 585 452 (343)
615 412 835 452 πρεσβύτερος
859 411 888 443 δ’
915 411 962 442 ὣν
985 411 1059 451 ἤδη,
1079 419 1094 441 3

47 465 98 497 καὶ
132 470 190 497 τοῦ
223 466 372 506 σώματος
405 465 492 507 αὐτῷ
526 464 716 505 ψυχομένου
749 465 804 495 διὰ
837 465 895 496 τὸν
927 465 1060 505 χρόνον,

48 520 204 559 δύσριγος
230 519 385 558 ὑπῆρχεν,
408 518 452 555 ὡς
475 516 550 558 μηδ’
576 518 640 549 ὑπὸ
665 522 722 558 τῆς
746 517 900 559 ἐπιβολῆς
924 517 958 548 ἐκ
982 519 1060 548 πολ-

48 575 116 603 λῶν
131 573 269 612 ἱματίων
285 570 462 612 γενομένης
477 571 793 612 ἀναθερμαίνεσθαι.
826 571 1061 602 συνελθόντων

20 636 33 656 0
48 623 83 656 δὲ
108 630 174 656 τῶν
199 626 321 665 ιάτρῶν
344 623 397 655 καὶ
423 624 742 665 συμβουλευσάντων
767 624 854 660 ὅπως
878 622 910 660 ἐξ
936 622 1062 663 ἁπάσης

48 682 105 718 τῆς
128 678 236 719 χώρας
260 678 388 717 εὐειδὴς
416 676 625 718 ἐπιλεχθεῖσα
653 676 820 718 παρθένος
849 676 1061 716 συγκαθεύδῃ

47 735 92 774 τῷ
121 732 249 771 βασιλεῖ
278 731 388 772 (τοῦτο
418 730 479 771 γὰρ
509 730 596 772 αὐτῷ
624 730 707 771 πρὸς
738 730 774 761 τὸ
807 729 898 770 ῥῖγος
927 730 1060 760 ἔσεσθαι

48 785 218 824 βοήθημα,
246 784 439 823 θαλπούσης
467 783 568 814 αὐτὸν
596 787 654 823 τῆς
680 782 808 823 κόρης),
843 782 951 822 (344)
975 782 1062 822 εὑρί-

48 846 157 868 σκεται
183 836 219 868 ἐν
242 838 334 868 πόλει
360 836 445 876 γυνὴ
469 837 526 876 μία
550 841 665 866 πασῶν
693 836 729 867 τὸ
754 833 842 872 εἶδος
865 835 980 876 ἀρίστη
1005 846 1061 874 γυ-

21 901 34 921 5
48 895 188 929 ναικῶν,
210 888 362 930 Ἀβισάκη
387 889 547 929 τοῦνομα,
571 887 590 927 ἣ
615 887 865 929 συγκοιμωμένη
890 888 994 928 μόνον
1017 891 1061 929 τῷ

48 944 178 984 βασιλεῖ
200 941 462 983 συνεθέρμαινεν
486 941 600 972 αὐτόν·
624 941 688 972 ὑπὸ
709 942 771 982 γὰρ
791 942 899 982 γήρως
919 938 961 981 ἦν
980 941 1062 981 πρὸς

48 996 247 1037 τάφροδίσια
271 994 323 1026 καὶ
350 995 506 1035 γυναικὸς
530 994 663 1035 ὁμιλίαν
686 993 839 1034 ἀσθενής.

115 1048 197 1080 ἀλλὰ
224 1047 298 1088 περὶ
328 1046 387 1088 μὲν
415 1048 535 1087 ταύτης
563 1051 620 1087 τῆς
648 1046 820 1088 παρθένου
849 1044 917 1087 μετ’
949 1046 1062 1085 ὀλίγον

49 1102 253 1142 δηλώσομεν
283 1102 390 1140 <34ὐ>
417 1101 434 1132 ὁ
459 1099 494 1131 δὲ
518 1099 671 1141 τέταρτος
700 1101 771 1137 υἱὸς
795 1099 962 1138 Δαυίδου,
990 1110 1062 1130 νεα-
1082 1109 1098 1131 4

23 1156 123 1191 ονιάς
156 1154 284 1194 εὐειδὴς
316 1153 367 1184 καὶ
400 1153 514 1194 μέγας,
548 1153 582 1184 ἐκ
614 1154 771 1193 γυναικὸς
801 1152 889 1194 αὐτῷ
917 1153 1063 1192 Αίγίθης

50 1207 208 1247 γεγονώς,
234 1206 390 1243 Ἀδωνίας
419 1204 454 1237 δὲ
478 1208 820 1247 προσαγορευόμενος,
850 1205 993 1246 ἐμφερὴς
1017 1205 1063 1236 ὣν

48 1260 261 1303 Ἀβεσαλώμςι)
281 1260 340 1300 τὴν
356 1259 518 1299 διάνοιαν,
537 1259 636 1296 αὐτὸς
650 1259 695 1296 ὡς
709 1259 915 1300 βασιλεύσων
932 1257 1063 1299 ἐπῆρτο,

50 1312 101 1344 καὶ
128 1314 210 1353 πρὸς
234 1314 310 1350 τοὺς
333 1314 452 1353 φίλους
477 1314 586 1352 ἔλεγεν
611 1312 655 1349 ὡς
678 1312 738 1352 τὴν
761 1311 864 1353 ἀρχὴν
888 1311 990 1342 αὐτὸν
1014 1312 1066 1341 δεῖ

50 1368 262 1407 παραλαβεῖν.
308 1366 522 1396 κατεσκεύασε
547 1364 576 1395 δ’
599 1366 725 1406 ἅρματα
746 1365 851 1396 πολλὰ
870 1363 924 1395 καὶ
944 1364 1065 1400 ἵππους

26 1428 38 1449 5
51 1418 104 1450 καὶ
124 1417 315 1458 πεντήκοντ’
337 1419 461 1459 ἄνδρας
480 1420 556 1455 τοὺς
574 1418 792 1459 προδρόμους.
835 1417 943 1457 <346>
963 1415 1062 1447 ταῦθ’

53 1472 140 1512 ὁρῶν
164 1472 181 1503 ὁ
205 1472 311 1512 πατὴρ
336 1471 395 1502 οὐκ
416 1470 623 1512 ἐπέπληττεν,
647 1469 719 1502 οὐδ’
742 1470 869 1511 ἐπεῖχεν
889 1470 990 1501 αὐτὸν
1008 1473 1066 1509 τῆς

51 1524 288 1565 προαιρέσεως,
317 1522 394 1555 οὐδὲ
424 1523 517 1565 μέχρι
546 1529 604 1555 τοῦ
629 1523 799 1555 πυθέσθαι
829 1524 883 1554 διὰ
909 1524 943 1554 τί
964 1527 1065 1553 ταῦτα

53 1578 184 1618 πράττει
218 1579 380 1618 προήχθη.
432 1579 614 1618 συνεργοὺς
642 1576 674 1608 δ7
707 1575 793 1617 εἶχεν
819 1575 975 1612 Ἀδωνίας
1007 1576 1066 1607 τὸν

53 1631 235 1671 στρατηγὸν
253 1630 386 1671 Ἰώαβον
410 1629 461 1661 καὶ
488 1631 545 1661 τὸν
564 1629 716 1671 ἀρχιερέα
733 1629 945 1670 Ἀβιάθαρον,
969 1629 1064 1669 μόνοι

0 1700 2 1718 ς
28 1683 84 1714 οδ’
110 1683 333 1725 ἀντέπραττον
357 1684 374 1715 ὁ
399 1683 568 1725 ἀρχιερεὺς
592 1683 750 1720 Σάδωκος
776 1681 826 1713 καὶ
853 1682 870 1714 ὁ
894 1682 1066 1723 προφήτης

126 1748 139 1775 §
160 1747 210 1770 343
231 1758 263 1766 =
284 1748 299 1769 3
321 1745 386 1777 neg.
408 1744 417 1769 Ι
436 1748 456 1770 1⁴
