1261 1917
496 44 646 69 EBAOMH
1013 42 1073 74 107

62 123 180 166 αὐτῷ),
209 123 398 164 γραμματέα
430 122 465 155 δὲ
490 125 615 156 Σεισὰν
644 123 788 164 ἐποίησε·
819 126 947 167 Βαναίᾳ
972 123 1007 156 δὲ
1032 129 1076 167 τῷ

59 175 194 208 Ἰωάδου
218 177 278 216 τὴν
302 182 368 208 τῶν
392 177 684 218 σωματοφυλάκων
707 177 812 218 ἀρχὴν
837 178 1075 219 παραδίδωσιν.

60 230 96 261 οἶ
117 227 153 261 δὲ
176 231 392 271 πρεσβύτεροι
416 231 531 268 παῖδες
550 231 652 263 αὐτοῦ
671 229 745 272 περὶ
770 231 806 262 τὸ
832 236 923 271 σῶμα
943 230 996 262 καὶ
1016 232 1076 271 τὴν

60 283 180 314 τούτου
204 284 357 324 φυλακὴν
384 282 473 324 ἦσαν.

33 343 46 362 ⁵
127 336 235 376 <111>
265 335 415 377 ἐμνήσθη
451 336 487 368 ὁὲ
518 336 571 369 καὶ
608 343 674 369 τῶν
709 338 791 379 πρὸς
821 336 984 378 Ἰωνάθην
1017 339 1076 369 τὸν

60 389 218 420 Σαούλου
241 390 343 421 παῖδα
368 394 547 431 συνθηκῶν
570 390 623 422 καὶ
656 391 763 432 ὅρκων
787 389 840 422 καὶ
865 396 923 432 τῆς
947 390 1076 423 ἐκείνου

59 443 142 483 πρὸς
174 442 277 474 αὐτὸν
309 445 423 483 φιλίας
454 456 487 475 τε
515 443 568 475 καὶ
598 445 754 485 σπουδῆς.
804 445 887 485 πρὸς
916 446 977 486 γὰρ
1007 451 1076 482 τοῖς

59 496 172 533 ἄλλοις
195 496 318 528 ἅπασιν
341 496 483 536 ἀγαθοῖς
507 493 557 534 οἷς
585 495 686 538 εἶχεν,
715 499 761 529 ἔτι
790 497 844 529 καὶ
869 499 1075 539 μνημονικώ-

58 560 154 586 τατος
168 554 235 580 τῶν
251 547 286 581 εὖ
300 550 510 590 ποιησάντων
525 551 612 592 παρὰ
627 552 686 582 τὸν
696 552 798 583 ἄλλον
808 552 930 592 χρόνον
940 551 1074 592 ὑπῆρχε.

19 609 45 629 1⁰
57 602 166 642 (112)
191 602 390 643 προσέταξεν
410 601 471 635 οὖν
494 603 666 644 ἀναζητεῖν
691 608 723 635 ει“’
742 617 792 642 τις
816 604 850 636 ἐκ
874 609 933 636 τοῦ
958 604 1076 645 γένους

57 655 161 686 αὐτοῦ
185 656 334 694 σώζεται,
363 654 388 699 ᾧ
412 657 469 694 τὰς
493 657 632 698 ἀμοιβὰς
661 657 699 694 ἃς
723 658 843 697 ὤφειλε
867 662 911 700 τῷ
934 657 1074 699 Ἰωνάθῃ

57 713 115 749 τῆς
139 708 284 749 ἑταιρίας
303 709 477 741 τἰποὸώσει.
515 709 677 751 ἀχθέντος
697 708 758 742 οὖν
777 712 867 748 τινος
886 711 1074 752 ἠλευθερω-

58 761 161 802 μένου
180 760 241 802 μὲν
259 762 323 794 ὑπὸ
345 763 512 803 Σαούλου,
537 762 726 804 ὁυναμένου
746 762 781 794 δὲ
802 764 977 803 γινώσκειν
996 766 1073 802 τοὺς

58 814 92 846 ἐκ
116 819 176 846 τοῦ
200 814 317 855 γένους
336 815 439 846 αὐτοῦ
458 817 642 856 περιόντας,
667 815 840 856 ἀνέκρινεν
863 819 896 848 εἴ
913 815 977 848 τιν’
1005 818 1072 858 ἔχοι

19 874 43 894 1⁵
58 867 166 908 λέγειν
181 874 247 899 τῶν
264 867 405 910 Ἰωνάθῃ
423 870 658 909 προσηκόντων
674 870 777 906 ζῶντα
796 868 849 900 καὶ
869 871 1072 911 κομίσασθαι

57 922 114 959 τὰς
137 927 204 953 τῶν
228 921 424 962 εὐεργεσιῶν
448 921 582 963 χάριτας
607 922 805 963 δυνάμενον,
830 919 877 954 ὧν
896 922 949 954 καὶ
975 923 1073 961 αὐτὸς

57 976 150 1016 ἔτυχε
173 975 261 1015 παρὰ
282 973 452 1006 Ἰωνάθου.
498 975 607 1015 <113>
627 976 795 1016 φήσαντος
816 974 846 1006 δ’
869 976 944 1007 υίὸν
969 976 1071 1008 αὐτοῦ

55 1030 316 1069 περιλείπεσθαι,
340 1030 590 1069 ιΜεμφίβοσθον
615 1029 729 1069 ὄνομα,
753 1028 991 1070 πεπηρωμένον
1014 1030 1072 1066 τὰς

56 1082 167 1123 βάσεις
191 1082 261 1122 (τῆς
285 1082 347 1122 γὰρ
372 1086 509 1122 τροφοῦ,
533 1083 612 1123 μετὰ
636 1083 672 1113 τὸ
696 1085 989 1123 προσαγγελθῆναι
1013 1084 1071 1114 τὸν

17 1139 43 1160 8⁰
56 1134 179 1175 πατέρα
208 1140 267 1166 τοῦ
295 1136 430 1167 παιδίου
459 1134 513 1166 καὶ
544 1136 602 1167 τὸν
625 1135 760 1167 πάππον
784 1135 820 1167 ἐν
844 1140 882 1176 τῇ
906 1135 992 1177 μάχῃ
1015 1147 1071 1168 πε-

56 1190 188 1227 σόντας,
221 1188 453 1230 ἁρπασαμένης
485 1187 538 1220 καὶ
567 1189 756 1230 φευγούσης
785 1188 848 1220 ἀπὸ
877 1195 944 1220 τῶν
973 1190 1071 1230 ὤμων

56 1242 158 1273 αὐτὸν
181 1246 420 1283 κατενεχθῆναι
443 1241 497 1273 καὶ
521 1244 685 1283 βλαβῆναι
708 1243 766 1279 τὰς
790 1242 927 1284 βάσεις),
951 1244 1070 1284 μαθὼν

55 1296 139 1327 ὅπου
172 1307 205 1326 τε
239 1294 290 1326 καὶ
326 1296 413 1336 παρὰ
446 1297 511 1326 τίνι
540 1295 709 1336 τρέφεται,
742 1295 872 1336 πέμψας
899 1297 982 1336 πρὸς
1012 1297 1071 1328 τὸν

55 1349 229 1390 Μάχειρον
254 1350 300 1386 εἰς
325 1349 468 1389 Λαβαθὰ
496 1350 594 1380 πόλιν
624 1348 725 1390 (παρὰ
754 1349 858 1391 τούτῳ
884 1349 945 1390 γὰρ
970 1349 987 1381 ὁ
1012 1354 1070 1381 τοῦ

16 1405 42 1425 25
53 1400 214 1433 Ἰωνάθου
246 1408 324 1439 παῖς
361 1401 529 1442 ἐτρέφετο)
567 1401 807 1442 μεταπέμπεται
844 1402 926 1442 πρὸς
959 1402 1070 1434 αὑτόν.

55 1455 162 1495 (114)
174 1454 284 1486 ἐλθὼν
300 1454 329 1486 δ’
343 1455 360 1486 ὁ
376 1457 621 1496 ΛΜεμφίρὀσθος
635 1456 717 1496 πρὸς
731 1455 789 1486 τὸν
804 1454 951 1496 βασιλέα,
961 1456 1071 1487 πεσὼν

56 1506 107 1538 ἐπὶ
140 1509 318 1548 πρόσωπον
355 1508 601 1549 προσεκύνησεν
636 1508 746 1539 αὐτόν.
798 1508 815 1540 ὁ
850 1506 887 1539 ὁε
919 1510 1070 1549 Δαυίὸης

55 1563 196 1602 θαρρεῖν
218 1573 253 1593 τε
271 1561 494 1602 προυτρέπετο
514 1561 568 1593 καὶ
587 1562 626 1593 τὰ
646 1563 763 1602 βελτίω
782 1562 980 1602 προσδοκᾶν.
1021 1563 1069 1594 ὁί-

57 1613 137 1645 ὁωσι
166 1613 196 1645 δ’
223 1614 310 1658 αὐτῷ
339 1614 392 1646 καὶ
423 1616 481 1647 τὸν
505 1620 658 1658 πατρῷον
682 1612 775 1646 οἷκον
798 1613 851 1646 καὶ
876 1619 986 1646 πᾶσαν
1010 1616 1070 1656 τὴν

128 1685 142 1714 ξ
159 1687 207 1709 111
229 1697 262 1705 =
282 1687 297 1709 2
318 1684 385 1717 Reg.
406 1684 443 1709 IX
460 1687 482 1711 1.
558 1687 571 1716 ἓ
590 1687 638 1710 113
660 1697 691 1706 ==
712 1687 727 1710 ‘2
742 1684 869 1717 Reg.1V
884 1687 908 1710 4.

56 1729 70 1758 ἓ
87 1730 136 1753 114
156 1740 189 1749 =
209 1730 223 1753 2
240 1728 308 1761 Reg.
328 1728 367 1753 lx
383 1731 406 1754 6.

1096 351 1110 373 5
