1261 1917
490 80 640 105 EBAOMH
1006 78 1067 110 129

59 162 133 193 υἱοῦ
157 160 426 202 παραλαβόντος.’
463 161 571 201 <213>
590 166 692 192 ταῦτα
716 160 821 200 λέγων
843 162 989 192 ἔπειθεν·
1009 161 1070 192 ὕπ-

59 225 159 246 οπτον
182 214 244 255 γὰρ
269 213 370 245 αὐτὸν
395 211 468 255 εἶχε.

124 266 177 298 καὶ
206 266 345 304 καλέσας
372 268 430 298 τὸν
456 266 666 308 Ἀχιτόφελον
696 268 954 308 συνεβουλεύετο
983 268 1070 310 αὐτῷ

58 321 92 351 τί
113 320 165 350 δεῖ
186 325 304 351 ποιεῖν.
351 320 367 351 ὃ
394 319 429 352 δὲ
452 319 615 362 παρῄνεσε
642 325 713 357 ταῖς
740 325 800 351 τοῦ
823 321 946 361 πατρὸς
970 320 1072 352 αὐτὸν

31 382 44 399 ⁵
58 375 238 410 παλλακαῖς
257 376 448 404 συνελθεῖν·
469 373 503 404 ἐκ
522 373 642 405 τούτου
662 374 724 414 γὰρ
744 376 892 405 εἴσεσθαι
913 375 971 405 τὸν
990 375 1072 405 λαὸν

60 427 148 466 ἔλεγε
172 426 391 457 πιστεύσαντα
421 426 464 464 ὡς
488 426 688 458 ἀδιάλλακτά
718 435 769 458 σοι
798 428 837 458 τὰ
865 428 947 468 πρὸς
970 426 1072 458 αὐτόν

60 478 138 518 ἐστι,
161 477 215 509 καὶ
239 479 319 519 μετὰ
337 482 462 520 πολλῆς
486 480 787 521 συστρατεύσεσθαι
806 482 997 522 προθυμίας
1021 479 1070 511 ἐπὶ

60 533 117 563 τὸν
140 531 276 573 πατέρα·
301 532 395 574 μέχρι
415 534 476 574 γὰρ
498 534 596 575 δεῦρο
616 534 766 575 φανερὰν
785 534 911 575 ἔχθραν
929 533 1074 574 ἀναλαμ-

60 585 175 625 βάνειν
190 584 346 625 δεδιέναι,
360 586 615 627 προσδοκῶντας
629 586 713 627 ὑμᾶς
728 586 933 627 ὁμονοήσειν.
966 586 1075 627 <214>

20 646 45 665 10
59 637 209 676 πεισθεὶς
232 637 268 669 δὲ
292 643 330 680 τῇ
355 641 540 682 συμβουλία
566 640 691 671 κελεύει
716 640 841 680 σκηνὴν
864 640 952 682 αὑτῷ
976 638 1074 680 πῆξαι

60 692 137 728 τοὺς
161 691 288 729 οἰκέτας
312 691 364 723 ἐπὶ
384 697 443 724 τοῦ
462 695 642 734 βασιλείου,
667 697 725 724 τοῦ
745 693 896 732 πλήθους
920 692 1076 734 ὁρῶντος,

60 743 113 775 καὶ
138 745 317 786 παρελθὼν
342 745 534 787 συνέρχεται
562 751 633 783 ταῖς
657 750 715 777 τοῦ
739 747 862 787 πατρὸς
885 748 1075 783 παλλακαῖς.

61 802 162 828 ταῦτα
191 796 222 828 δ’
254 797 382 838 ἐγένετο
411 799 491 829 κατὰ
520 799 580 839 τὴν
610 798 754 830 Ναθανα
782 800 1002 840 προφητείαν,
1035 798 1076 839 ’ἣν

61 855 105 893 τῷ
125 851 257 891 Δαυίδῃ
281 853 452 892 σημαίνων
474 852 535 892 τὴν
559 851 593 882 ἐκ
613 856 672 882 τοῦ
690 852 808 888 παιδὸς
828 850 988 892 ἐσομένην
1009 850 1076 882 ἐπί-

22 911 46 930 15
62 907 159 935 Ἰθεσιν
182 905 422 945 προυφήτευσε.

129 957 238 997 <215>
270 957 409 996 ποιήσας
441 956 471 988 δ’
504 956 729 998 Ἀβεσιὲλωμος
761 958 799 989 τὰ
832 957 1077 998 παραινεθέντα

62 1010 150 1052 αὐτῷ
178 1009 242 1041 ὑπὸ
271 1014 330 1041 τοῦ
357 1008 582 1051 Ἀχιτοφέλου,
617 1011 773 1052 δεύτερον
801 1010 903 1043 αὐτὸν
933 1014 1077 1053 συμβου-

62 1063 171 1094 λεύειν
195 1062 289 1102 ἠξίου
312 1062 386 1104 περὶ
410 1067 469 1094 τοῦ
493 1063 639 1104 πολέμου
667 1068 726 1095 τοῦ
754 1065 837 1105 πρὸς
865 1065 923 1096 τὸν
946 1064 1079 1106 πατέρα.

62 1117 202 1157 μυρίους
226 1114 256 1146 δ’
284 1115 385 1147 αὐτὸν
414 1115 602 1154 ἐπιλέκτους
631 1117 826 1156 αἰτήσαντος
855 1116 997 1155 ἐκείνου,
1025 1116 1079 1148 καὶ

21 1176 48 1196 2⁰
62 1170 121 1200 τὸν
144 1168 268 1210 πατέρα
292 1174 420 1200 κτενεῖν
447 1169 549 1200 αὐτοῦ
578 1168 631 1200 καὶ
660 1171 738 1207 τοὺς
767 1171 828 1201 σὺν
856 1170 944 1213 αὐτῷ
973 1170 1080 1214 σῳόυς

62 1222 196 1260 ἀνάξειν
220 1220 465 1262 ὑποσχομένου,
488 1221 543 1253 καὶ
567 1224 705 1263 βεβαίαν
728 1224 802 1254 τότε
825 1223 885 1263 τὴν
909 1225 1080 1264 βασιλειάν

63 1277 198 1307 ἔσεσθαι
219 1276 397 1316 φήσαντος,
419 1275 572 1307 Δαυίδου
591 1275 704 1317 μηκέτι
725 1278 854 1315 ζῶντος,
879 1276 987 1317 <216>
1007 1277 1081 1318 ἀρε-

63 1328 159 1366 σθεὶς
182 1333 219 1370 τῇ
245 1329 359 1369 γνώμῃ
383 1331 609 1369 μετακαλεῖται
633 1330 692 1360 τὸν
716 1329 821 1360 Χουσὶ
846 1331 904 1361 τὸν
927 1331 1081 1361 Δαυίδου

64 1384 167 1423 φίλον
191 1381 292 1423 (οὕτω
318 1382 379 1422 γὰρ
405 1381 507 1412 αὐτὸν
532 1380 656 1418 ἐκεῖνος
680 1380 813 1424 ἐκάλει),
839 1381 893 1413 καὶ
917 1383 978 1423 τὴν
998 1382 1081 1424 Ἀχι-

26 1439 51 1460 8⁵
64 1434 209 1476 τοφέλου
228 1435 363 1475 γνώμην
383 1434 471 1477 αὐτῷ
491 1435 641 1474 δηλώσας
664 1436 699 1466 τί
715 1434 769 1466 καὶ
788 1435 876 1478 αὐτῷ
896 1436 988 1467 δοκεῖ
1006 1435 1081 1478 περὶ

66 1488 166 1529 αὐτῆς
191 1487 406 1519 ἐπυνθάνετο.
453 1487 470 1518 ὃ
501 1485 537 1518 δὲ
565 1488 712 1519 συνιδὼν
741 1488 790 1519 ὅτι
819 1487 1007 1529 γενομένων
1035 1486 1082 1521 ὧν

63 1540 272 1582 Ἀχιτόφελος
296 1541 537 1581 συνεβούλευσε
561 1541 769 1572 κινδυνεύσει
789 1542 940 1582 Δαυίδης
964 1545 1082 1582 συλλη-

67 1593 167 1635 φθεὶς
186 1594 382 1634 ἀποθανεῖν,
407 1593 562 1625 ἐναντίαν
582 1593 732 1635 ἐπειρᾶτο
752 1595 887 1636 γνώμην
907 1594 1082 1637 εἰσφέρειν.

69 1648 174 1687 <21T>
203 1646 256 1678 ‘013
284 1647 346 1688 γὰρ
375 1647 518 1688 ἀγνοεῖς’
547 1645 652 1685 εἶπεν,
686 1645 722 1678 ‘cf‘
752 1649 903 1688 βασιλεῦ,
935 1648 996 1689 τὴν
1023 1653 1083 1680 τοῦ

29 1701 189 1741 ὅθπατρὸς
211 1699 265 1731 καὶ
289 1701 350 1741 τὴν
373 1706 440 1732 τῶν
464 1702 636 1732 συνόντων
655 1700 742 1743 αὐτῷ
762 1700 930 1742 ἀνδρείαν,
955 1702 1004 1734 ὅτι
1029 1702 1084 1734 καὶ

141 1762 155 1791 g
175 1763 226 1786 213
248 1774 279 1782 =
300 1764 314 1786 ‘2
335 1761 402 1795 Reg.
423 1761 542 1788 XV120.

123 1809 250 1830 Imm-nus.
271 1811 302 1829 11.
909 1809 923 1832 9
