1261 1917
80 590 117 620 11

133 83 197 114 362
499 85 769 110 APXAIOAOFIAZ

133 165 180 201 εἰς
204 164 307 203 αὐτὴν
332 163 550 205 ἐπανέρχεται.
595 165 702 205 <218>
724 164 879 206 ἐγκαλέσῃ
899 165 937 196 δέ
955 177 1008 206 μοι
1029 165 1141 206 μηδεὶς

132 217 236 253 οὕτως
269 216 386 247 ἕκαστα
418 217 543 248 τούτων
574 217 810 257 ἀπαγγέλλοντι
842 218 896 249 διὰ
925 223 982 258 τῆς
1012 223 1141 258 γραφῆς

132 269 177 306 ὡς
201 268 236 300 ἐν
260 275 329 306 τοῖς
352 269 500 310 ἀρχαίοις
523 270 662 310 εὑρίσκω
686 272 839 311 βιβλίοις·
867 269 920 302 καὶ
950 271 1011 311 γὰρ
1038 270 1141 308 εὐθὺς

131 321 168 352 ἐν
192 321 273 363 ἀρχῇ
297 327 353 362 τῆς
377 322 522 363 ἱστορίας
545 323 626 364 πρὸς
649 324 726 360 τοὺς
746 322 995 363 ἐπιζητήσοντάς
1016 336 1045 354 τι
1065 322 1138 365 περὶ

130 380 197 405 τῶν
216 375 416 415 πραγμάτων
435 374 453 415 ἢ
474 375 702 416 μεμψομένους
721 375 963 416 ἠσφαλισάμην,
983 377 1086 416 μόνον
1106 387 1139 407 τε
1152 383 1164 402 5

131 427 347 467 μεταφράζειν
371 428 427 463 τὰς
447 426 607 468 Ἑβραίων
635 430 771 468 βίβλους
796 429 896 459 εἰπὼν
921 429 966 465 είς
989 429 1049 468 τὴν
1069 427 1138 459 Ἐλ-

129 479 214 511 λάδα
238 482 395 519 γλῶτταν,
419 479 472 510 καὶ
497 484 598 510 ταῦτα
623 481 783 519 δηλώσειν
803 482 880 520 μήτε
900 483 1090 522 προστιθείς
1109 493 1138 512 τι

130 538 199 569 τοῖς
215 532 404 572 πράγμασιν
423 531 521 569 αὐτὸς
542 533 629 563 ι”διον
648 531 720 573 μήτ’
738 533 891 573 ἀφαιρῶν
909 533 1139 574 ὑπεσχημένος.

197 585 305 624 <210>
334 585 351 615 ὁ
377 583 411 615 δὲ
440 586 593 625 βασιλεὺς
618 586 956 627 Ναβουχοδονόσορος
985 587 1037 626 ἔτη
1066 588 1139 627 τρία

130 636 183 668 καὶ
208 638 444 678 τετταράκοντα
468 639 664 678 βασιλεύσας
692 641 825 680 τελευτᾷ
853 640 911 669 τὸν
939 640 1028 679 βίον,
1056 638 1138 680 ἀνὴρ
1156 647 1179 665 10

131 690 326 730 δραστήριος
349 690 402 722 καὶ
427 696 493 721 τῶν
516 692 578 731 πρὸ
603 691 704 722 αὐτοῦ
729 690 890 731 βασιλέων
912 690 1140 731 εὐτυχέστερος

129 744 314 784 γενόμενος.
361 743 519 784 μέμνηται
549 742 578 774 δ’
605 743 707 774 αὐτοῦ
731 749 797 774 τῶν
824 744 972 785 πράξεων
997 743 1050 775 καὶ
1075 746 1139 784 Βη-

131 797 256 836 ρωσσὸς
281 795 316 827 ἐν
340 800 377 837 τῇ
402 798 494 837 τρίτῃ
522 802 588 827 τῶν
613 797 808 827 Χαλδαϊκῶν
838 797 1005 838 ἱστοριῶν,
1035 795 1139 836 λέγων

130 848 242 885 οὕτως.
281 849 388 888 (220)
412 848 565 886 “άκούσας
585 848 614 879 δ’
637 849 653 879 ὁ
674 849 778 889 πατὴρ
799 849 901 880 αὐτοῦ
921 849 1139 890 Ναβοπαλάσ-

131 909 230 941 σαρος
258 901 305 932 ὅτι
336 901 352 932 ὁ
376 900 570 941 τεταγμένος
599 901 763 942 σατράπης
792 903 827 932 ἕν
850 900 877 932 τ’
905 902 1061 944 Αἰγύπτῳ
1085 901 1139 933 καὶ
1155 909 1178 928 15

130 959 199 990 τοῖς
222 953 295 994 περὶ
316 955 447 994 Συρίαν
470 954 531 993 τὴν
553 955 668 993 κοίλην
687 953 739 984 καὶ
764 954 823 993 τὴν
845 956 1004 993 Φοινίκην
1027 956 1140 992 τόποις

130 1006 313 1046 ἀποστάτης
328 1006 430 1037 αὐτοῦ
445 1005 591 1045 γέγονεν,
611 1006 650 1037 οὐ
667 1006 849 1047 δυνάμενος
864 1007 961 1043 αὐτὸς
979 1008 1024 1037 ἔτι
1044 1019 1139 1038 κακο-

130 1062 267 1095 παθεῖν,
296 1059 458 1098 συστήσας
485 1063 529 1101 τςῧ
558 1059 619 1101 υῐςό
648 1060 974 1102 Ναβουχοδονοσόρῳ
1004 1060 1073 1091 ὄντι
1103 1059 1139 1090 ἐν

130 1111 241 1153 ἡλικία
264 1111 344 1152 με’ρη
369 1112 442 1142 τινα
470 1115 527 1151 τῆς
551 1111 721 1151 δυνάμεως
749 1110 924 1152 ἐξέπεμψεν
953 1110 1001 1142 ἐπ’
1029 1111 1138 1143 αὐτόν.

132 1165 237 1204 (221)
257 1164 416 1204 συμμίξας
432 1163 467 1195 δὲ
484 1164 821 1205 Ναβουχοδονόσορος
840 1169 883 1206 τῷ
904 1164 1066 1205 ἀποστάτῃ
1085 1163 1138 1195 καὶ
1154 1172 1178 1191 20

130 1217 396 1258 παραταξάμενος
425 1216 527 1247 αὐτοῦ
550 1215 577 1247 τ’
605 1216 774 1257 ἐκράτησε,
803 1215 855 1247 καὶ
885 1217 944 1256 τὴν
971 1217 1081 1257 χώραν
1108 1216 1138 1254 ἐξ

130 1270 232 1310 ἀρχῆς
264 1270 328 1301 ὑπὸ
360 1270 420 1309 τὴν
453 1270 555 1300 αὑτοῦ
587 1271 757 1309 βασιλείαν
791 1268 973 1308 ἐποιήσατο.
1026 1273 1070 1311 τῷ
1104 1268 1139 1300 δὲ

129 1321 228 1363 πατρὶ
253 1322 355 1353 αὐτοῦ
375 1322 669 1364 Ναβοπαλασσάρςο
694 1321 815 1362 συνέβη
839 1323 918 1352 κατὰ
940 1326 1058 1353 τοῦτον
1081 1323 1139 1353 τὸν

130 1376 246 1416 καιρὸν
270 1375 515 1416 ἀρρωστήσαντι
541 1374 576 1405 ἐν
600 1378 637 1415 τῇ
660 1376 886 1414 Βαβυλωνίων
909 1376 1001 1405 πόλει
1025 1377 1139 1415 μεταλ-

131 1428 221 1465 λάξαι
243 1428 302 1458 τὸν
321 1429 405 1468 βίον,
430 1428 483 1467 ἔτη
504 1427 731 1467 βασιλεύσαντι
755 1429 855 1457 εἴκοσι
875 1426 928 1457 καὶ
948 1426 992 1458 ἕν.
1031 1427 1138 1467 <222>
1153 1434 1177 1453 25

131 1481 331 1521 αἰσθόμενος
355 1479 389 1511 δὲ
414 1478 482 1520 μετ’
509 1479 549 1511 οὐ
572 1481 677 1510 πολὺν
705 1480 827 1520 χρόνον
851 1480 910 1519 τὴν
934 1484 992 1510 τοῦ
1017 1481 1138 1520 πατρὸς

130 1533 284 1572 τελευτὴν
309 1533 662 1573 Ναβουχοδονόσορος,
690 1531 743 1563 καὶ
772 1533 973 1572 καταστήσας
995 1532 1034 1562 τὰ
1057 1532 1136 1562 κατὰ

130 1585 190 1625 τὴν
218 1588 388 1624 Αἴγυπτον
416 1585 589 1625 πράγματα
617 1583 670 1615 καὶ
699 1585 758 1624 τὴν
787 1584 904 1623 λοιπὴν
932 1585 1054 1625 χώραν,
1082 1583 1136 1615 καὶ

130 1639 207 1674 τοὺς
231 1638 456 1678 αἰχμαλώτους
477 1636 646 1668 Ἰουδαίων
669 1648 703 1667 τε
727 1635 779 1667 καὶ
806 1638 971 1667 Φοινίκων
994 1635 1045 1667 καὶ
1070 1638 1137 1668 Σύ-

130 1702 198 1731 ρων
222 1689 272 1721 καὶ
299 1695 365 1720 τῶν
388 1688 456 1720 κατ’
480 1692 651 1729 Αἴγυπτον
675 1689 785 1720 ἐθνῶν
805 1688 964 1726 συντάξας
987 1688 1049 1720 τισὶ
1072 1695 1137 1721 τῶν
1151 1698 1177 1716 30

131 1745 239 1784 φίλων
267 1743 345 1783 μετὰ
373 1747 430 1781 τῆς
453 1742 636 1783 βαρυτάτης
661 1741 830 1782 δυνάμεως
858 1741 910 1772 καὶ
939 1746 996 1781 τῆς
1022 1745 1137 1783 λοιπῆς
