1261 1917
29 630 52 649 10

25 896 49 915 15

20 1160 46 1180 20

0 1702 4 1721 ‚
21 1681 44 1711 ἑο

530 63 625 87 EKTH
1045 61 1084 91 15

72 142 154 173 θεὸν
185 141 476 183 ἀποχειροτονοῦσι
508 147 564 183 τῆς
593 144 774 183 βασιλείας,
808 143 867 174 οὐκ
897 143 1019 180 εἰδότες
1042 142 1086 180 ὡς

71 196 331 236 συμφορώτατον
352 196 414 227 ὑπὸ
435 200 493 227 τοῦ
512 195 645 227 πάντων
663 195 799 236 ἀρίστου
817 199 1086 236 προστατεῖσθαι,

71 249 149 285 θεὸς
183 246 219 280 δὲ
252 249 386 280 πάντων
418 249 565 290 ἄριστος,
606 250 692 289 <61>
726 249 897 290 αι’ροῦνται
932 248 962 280 δ’
999 250 1084 290 ἔχειν

69 301 251 342 ἄνθρωπον
275 301 422 342 βασιλέα,
446 302 482 339 ὃς
501 301 545 339 ὡς
563 302 702 342 κτήμασι
722 308 790 339 τοῖς
810 301 1085 343 ὑποτεταγμένοις

69 354 149 385 κατὰ
177 354 337 395 βούλησιν
365 354 418 386 καὶ
449 354 631 395 ἐπιθυμίαν
654 354 707 386 καὶ
736 361 803 386 τῶν
831 355 941 386 ἄλλων
964 358 1084 386 παθῶν

69 407 175 448 ὁρμὴν
198 408 366 448 χρήσεται,
395 412 452 448 τῆς
483 407 631 445 ἐξουσίας
655 408 800 449 ἀφειδῶς
825 408 1083 449 ἐμφορούμενος,

68 459 140 492 ἀλλ’
162 461 220 501 οὐχ
241 460 285 498 ὡς
309 462 397 492 [διον
422 463 520 503 ἔργον
539 460 592 492 καὶ
613 462 862 503 κατασκεύασμα
882 463 918 493 τὸ
942 467 1008 493 τῶν
1027 461 1082 492 ἀν-

68 514 214 554 θρώπων
238 513 332 553 γένος
356 514 442 546 οὕτω
467 515 662 555 διατηρῆσαι
687 515 878 553 σπουδάσει,
903 515 919 546 ὁ
944 515 1024 552 θεὸς
1048 513 1083 546 δὲ

67 567 147 597 κατὰ
171 567 292 607 ταύτην
316 568 376 608 τὴν
400 569 509 599 αἰτίαν
533 569 675 608 κήδοιτο.
724 567 807 600 εἀλλ’
838 567 906 600 ἐπεὶ
931 568 1081 600 δέδοκται

67 618 164 651 ταῦθ’
191 620 270 661 ὑμῖν
301 620 352 652 καὶ
386 621 583 662 κεκράτηκεν
615 621 632 661 ἡ
663 623 745 662 πρὸς
779 623 837 653 τὸν
867 623 950 653 θεὸν
980 622 1083 663 ὕβρις,

67 672 208 713 τάχθητε
232 674 351 711 πάντες
375 675 455 706 κατὰ
480 675 588 715 φυλάς
612 686 645 706 τε
670 674 723 706 καὶ
749 679 906 715 σκῆπτρα,
929 674 980 706 καὶ
1008 676 1082 715 κλη-

67 737 146 765 ρους
169 726 304 766 βάλετε.’
343 728 428 766 <62>
443 728 653 767 ποιησάντων
669 726 703 759 δὲ
721 733 817 760 τοῦτο
840 734 905 760 τῶν
921 727 1082 769 Ἑβραίων

66 778 83 810 ὁ
108 784 165 820 τῆς
184 781 416 820 Βενιαμίτιδος
440 784 559 821 κλῆρος
579 781 716 819 ἐξέπεσε.
764 782 882 822 ταύτης
902 780 938 812 δὲ
957 785 1081 822 κληρω-

66 833 182 872 θείσης
211 833 326 873 ἔλαχεν
356 833 372 873 ἡ
402 833 534 875 ,Ματρὶς
563 833 748 875 καλουμένη
777 835 912 875 πατριά,
946 832 982 875 ἧς
1010 834 1079 867 κατ’

65 885 171 926 ἄνδρα
194 888 421 926 κληρωθείσης
440 887 595 927 λαγχάνει
616 887 632 919 ὁ
653 889 777 919 Κείσου
796 889 985 929 βασιλεύειν
1004 894 1081 926 παῖς

64 939 225 976 Σάουλος.
281 939 366 979 <63>
393 941 492 979 γνοὺς
522 939 557 971 δὲ
586 939 682 972 τοῦθ’
710 941 726 972 ὁ
754 943 923 979 νεανίσκος
947 942 1081 982 φθάσας

63 990 212 1023 ἐκποδὼν
231 992 334 1023 αὑτὸν
352 999 449 1030 ποιεῖ,
474 994 516 1034 μὴ
538 995 749 1035 βουλόμενος,
770 992 871 1036 οἶμαι,
891 996 1002 1026 δοκεῖν
1021 996 1081 1036 τὴν

62 1044 166 1085 ἀρχὴν
191 1044 275 1076 ἑκὼν
299 1046 494 1087 λαμβάνειν
527 1047 609 1078 ἀλλὰ
634 1048 797 1088 τοσαύτην
823 1047 1004 1086 ἐνεδείξατο
1030 1049 1080 1089 ἐγ-

61 1097 215 1138 κράτειαν
239 1097 292 1130 καὶ
318 1101 540 1140 σωφροσύνην
563 1100 645 1131 ὥστε
666 1106 732 1132 τῶν
751 1103 914 1132 πλείστων
933 1101 1005 1133 οὐδ’
1029 1101 1080 1133 ἐπὶ

61 1156 193 1191 μικραῖς
222 1151 414 1193 εὐπραγίαις
443 1153 503 1193 την
532 1154 637 1194 χαρὰν
670 1160 844 1195 κατασχεῖν
872 1154 1079 1196 δυναμένων,

61 1202 133 1235 ἀλλ’
161 1205 207 1242 εἰς
231 1205 267 1236 τὸ
293 1210 371 1236 πᾶσι
397 1205 553 1245 γενέσθαι
578 1208 745 1248 φανεροὺς
769 1209 1036 1248 προπιπτόντων,
1061 1209 1078 1240 ὃ

61 1256 94 1288 δ’
123 1258 163 1289 οὐ
187 1259 291 1298 μόνον
316 1257 416 1290 οὐδὲν
441 1258 579 1300 ἐνέφηνε
604 1265 756 1292 τοιοῦτον
781 1260 831 1292 ἐπὶ
857 1263 1006 1304 βασιλείᾳ
1025 1261 1078 1293 καὶ

60 1309 111 1341 καὶ
138 1315 182 1353 τῷ
208 1312 376 1343 τοσούτων
399 1311 449 1343 καὶ
478 1314 679 1353 τηλικούτων
704 1313 815 1345 ἐθνῶν
843 1314 1079 1356 ἀποδεδεῖχθαι

61 1363 231 1404 δεσπότης,
256 1363 338 1396 ἀλλὰ
358 1364 410 1396 καὶ
432 1370 488 1406 τῆς
508 1367 614 1403 ὅψεως
638 1367 740 1398 αὑτὸν
761 1372 818 1407 τῆς
837 1373 903 1398 τῶν
927 1370 1078 1408 βασιλευ-

60 1416 258 1457 θησομένων
284 1417 442 1457 ἐξέκλεψε,
470 1417 522 1449 καὶ
549 1420 654 1459 ζητεῖν
679 1420 780 1451 αὐτὸν
804 1420 857 1451 καὶ
882 1420 954 1462 περὶ
981 1425 1078 1453 τοῦτο

59 1475 175 1501 πονεῖν
211 1472 463 1511 παρεσκεύασεν.
526 1472 620 1512 <G4>
654 1470 700 1503 ὧν
734 1472 992 1514 ἀμηχανούντων
1024 1474 1077 1506 καὶ

59 1524 304 1563 φροντιζόντων
329 1524 378 1556 ’ὅτι
405 1524 533 1564 γένοιτο
566 1525 696 1566 ἀφανὴς
719 1526 736 1557 ὁ
761 1526 928 1567 Σάουλος,
957 1527 973 1559 ὁ
998 1540 1077 1568 προ-

58 1577 162 1617 φήτης
201 1577 337 1608 ἱκετεύει
372 1578 430 1609 τὸν
463 1579 546 1609 θεὸν
580 1579 683 1616 δεῖξαι
717 1584 782 1611 ποῦ
814 1579 886 1611 ποτ’
920 1583 984 1621 εἰή,
1022 1580 1075 1612 καὶ

57 1635 237 1671 παρασχεῖν
262 1632 308 1668 εἰς
328 1630 471 1672 ἐμφανὲς
495 1633 552 1663 τὸν
574 1634 756 1664 νεανίσκον.
795 1634 880 1673 <65>
901 1635 1020 1674 μαθὼν
1040 1633 1076 1666 δὲ

57 1684 144 1723 παρὰ
168 1688 227 1715 τοῦ
251 1687 335 1715 θεοῦ
359 1686 417 1716 τὸν
441 1687 544 1717 τόπον
569 1687 651 1717 ἔνθα
675 1685 848 1726 κέκρυπται
877 1687 893 1718 ὁ
914 1687 1076 1727 Σάουλος,

130 1746 144 1775 ξ
161 1748 193 1770 61
215 1745 467 1778 =1Reg.X19.
