<?xml version="1.0" encoding="UTF-8"?>
<!DOCTYPE html PUBLIC "-//W3C//DTD XHTML 1.0 Transitional//EN"
    "http://www.w3.org/TR/xhtml1/DTD/xhtml1-transitional.dtd">
<html xmlns="http://www.w3.org/1999/xhtml" xml:lang="en" lang="en">
 <head>
  <title>
</title>
<meta http-equiv="Content-Type" content="text/html;charset=utf-8" />
  <meta name='ocr-system' content='tesseract 3.04.00' />
  <meta name='ocr-capabilities' content='ocr_page ocr_carea ocr_par ocr_line ocrx_word'/>
</head>
<body>
  <div class='ocr_page' id='page_1' title='image "./flaviiiosephiope02joseuoft_0377.png"; bbox 0 0 1261 1917; ppageno 0'>
   <div class='ocr_carea' id='block_1_1' title="bbox 0 1346 9 1367">
    <p class='ocr_par' dir='ltr' id='par_1_1' title="bbox 0 1346 9 1367">
     <span class='ocr_line' id='line_1_1' title="bbox 0 1346 9 1367; textangle 90"><span class='ocrx_word' id='word_1_1' title='bbox 0 1346 9 1367; x_wconf 66' lang='grc' dir='ltr'><em>,ν</em></span> 
     </span>
    </p>
   </div>
   <div class='ocr_carea' id='block_1_2' title="bbox 0 1471 8 1615">
    <p class='ocr_par' dir='ltr' id='par_1_2' title="bbox 0 1471 8 1615">
     <span class='ocr_line' id='line_1_2' title="bbox 0 1471 8 1615; textangle 90"><span class='ocrx_word' id='word_1_2' title='bbox 0 1610 2 1615; x_wconf 38' lang='lat' dir='ltr'>v</span> <span class='ocrx_word' id='word_1_3' title='bbox 0 1495 8 1584; x_wconf 58' lang='lat' dir='ltr'><em>*--=v</em></span> <span class='ocrx_word' id='word_1_4' title='bbox 1 1471 5 1474; x_wconf 85' lang='grc'><em>,</em></span> 
     </span>
    </p>
   </div>
   <div class='ocr_carea' id='block_1_3' title="bbox 92 327 104 346">
    <p class='ocr_par' dir='ltr' id='par_1_3' title="bbox 92 327 104 346">
     <span class='ocr_line' id='line_1_3' title="bbox 92 327 104 346; baseline 0 0"><span class='ocrx_word' id='word_1_5' title='bbox 92 327 104 346; x_wconf 78' lang='grc'><strong>5</strong></span> 
     </span>
    </p>
   </div>
   <div class='ocr_carea' id='block_1_4' title="bbox 79 592 103 610">
    <p class='ocr_par' dir='ltr' id='par_1_4' title="bbox 79 592 103 610">
     <span class='ocr_line' id='line_1_4' title="bbox 79 592 103 610; baseline 0 0"><span class='ocrx_word' id='word_1_6' title='bbox 79 592 103 610; x_wconf 82' lang='lat'><em>10</em></span> 
     </span>
    </p>
   </div>
   <div class='ocr_carea' id='block_1_5' title="bbox 78 856 102 875">
    <p class='ocr_par' dir='ltr' id='par_1_5' title="bbox 78 856 102 875">
     <span class='ocr_line' id='line_1_5' title="bbox 78 856 102 875; baseline 0.042 -1"><span class='ocrx_word' id='word_1_7' title='bbox 78 856 102 875; x_wconf 86' lang='lat'><em>15</em></span> 
     </span>
    </p>
   </div>
   <div class='ocr_carea' id='block_1_6' title="bbox 78 1120 104 1139">
    <p class='ocr_par' dir='ltr' id='par_1_6' title="bbox 78 1120 104 1139">
     <span class='ocr_line' id='line_1_6' title="bbox 78 1120 104 1139; baseline 0 0"><span class='ocrx_word' id='word_1_8' title='bbox 78 1120 104 1139; x_wconf 77' lang='lat'><em>20</em></span> 
     </span>
    </p>
   </div>
   <div class='ocr_carea' id='block_1_7' title="bbox 78 1384 103 1403">
    <p class='ocr_par' dir='ltr' id='par_1_7' title="bbox 78 1384 103 1403">
     <span class='ocr_line' id='line_1_7' title="bbox 78 1384 103 1403; baseline -0.04 0"><span class='ocrx_word' id='word_1_9' title='bbox 78 1384 103 1403; x_wconf 80' lang='lat'><em>25</em></span> 
     </span>
    </p>
   </div>
   <div class='ocr_carea' id='block_1_8' title="bbox 194 22 1133 53">
    <p class='ocr_par' dir='ltr' id='par_1_8' title="bbox 194 22 1133 53">
     <span class='ocr_line' id='line_1_8' title="bbox 194 22 1133 53; baseline 0 -5"><span class='ocrx_word' id='word_1_10' title='bbox 194 24 207 37; x_wconf 81' lang='lat'>⁸</span> <span class='ocrx_word' id='word_1_11' title='bbox 554 24 698 48; x_wconf 82' lang='grc' dir='ltr'>ΔΕΚΛΤΠ</span> <span class='ocrx_word' id='word_1_12' title='bbox 1068 22 1133 53; x_wconf 75' lang='grc'><em>329</em></span> 
     </span>
    </p>
   </div>
   <div class='ocr_carea' id='block_1_9' title="bbox 117 101 1136 1468">
    <p class='ocr_par' dir='ltr' id='par_1_9' title="bbox 117 101 1136 1468">
     <span class='ocr_line' id='line_1_9' title="bbox 119 101 1134 148; baseline -0.003 -11"><span class='ocrx_word' id='word_1_13' title='bbox 119 106 205 144; x_wconf 78' lang='grc' dir='ltr'><em>ὄντι,</em></span> <span class='ocrx_word' id='word_1_14' title='bbox 233 102 258 148; x_wconf 72' lang='grc' dir='ltr'><em>ᾧ</em></span> <span class='ocrx_word' id='word_1_15' title='bbox 287 105 391 146; x_wconf 88' lang='grc' dir='ltr'><em>μήτηρ</em></span> <span class='ocrx_word' id='word_1_16' title='bbox 421 104 455 136; x_wconf 85' lang='grc' dir='ltr'><em>ἐκ</em></span> <span class='ocrx_word' id='word_1_17' title='bbox 482 105 608 141; x_wconf 85' lang='grc' dir='ltr'><em>πόλεως</em></span> <span class='ocrx_word' id='word_1_18' title='bbox 636 101 696 145; x_wconf 75' lang='grc' dir='ltr'><em>μὲν</em></span> <span class='ocrx_word' id='word_1_19' title='bbox 724 101 766 144; x_wconf 75' lang='grc' dir='ltr'><em>ἦν</em></span> <span class='ocrx_word' id='word_1_20' title='bbox 790 104 950 144; x_wconf 84' lang='grc' dir='ltr'><em>Βοσκεθί,</em></span> <span class='ocrx_word' id='word_1_21' title='bbox 976 102 1069 141; x_wconf 85' lang='grc' dir='ltr'><em>Ἰεδὶς</em></span> <span class='ocrx_word' id='word_1_22' title='bbox 1097 102 1134 134; x_wconf 76' lang='grc' dir='ltr'><em>δὲ</em></span> 
     </span>
     <span class='ocr_line' id='line_1_10' title="bbox 118 153 1134 198; baseline -0.002 -9"><span class='ocrx_word' id='word_1_23' title='bbox 118 158 272 198; x_wconf 83' lang='grc' dir='ltr'><em>τοῦνομα.</em></span> <span class='ocrx_word' id='word_1_24' title='bbox 319 158 413 197; x_wconf 80' lang='lat'>&lt;49&gt;</span> <span class='ocrx_word' id='word_1_25' title='bbox 439 157 499 197; x_wconf 86' lang='grc' dir='ltr'><em>τὴν</em></span> <span class='ocrx_word' id='word_1_26' title='bbox 527 155 563 188; x_wconf 73' lang='grc' dir='ltr'><em>δὲ</em></span> <span class='ocrx_word' id='word_1_27' title='bbox 591 157 695 197; x_wconf 84' lang='grc' dir='ltr'><em>φύσιν</em></span> <span class='ocrx_word' id='word_1_28' title='bbox 723 153 820 193; x_wconf 85' lang='grc' dir='ltr'><em>οὗτος</em></span> <span class='ocrx_word' id='word_1_29' title='bbox 849 157 981 197; x_wconf 78' lang='grc' dir='ltr'><em>ἄριστος</em></span> <span class='ocrx_word' id='word_1_30' title='bbox 1008 157 1134 197; x_wconf 84' lang='grc' dir='ltr'><em>ὑπῆρχε</em></span> 
     </span>
     <span class='ocr_line' id='line_1_11' title="bbox 118 206 1134 251; baseline -0.002 -9"><span class='ocrx_word' id='word_1_31' title='bbox 118 210 172 242; x_wconf 84' lang='grc' dir='ltr'><em>καὶ</em></span> <span class='ocrx_word' id='word_1_32' title='bbox 197 212 279 251; x_wconf 79' lang='grc' dir='ltr'><em>πρὸς</em></span> <span class='ocrx_word' id='word_1_33' title='bbox 303 210 422 251; x_wconf 80' lang='grc' dir='ltr'><em>ἀρετὴν</em></span> <span class='ocrx_word' id='word_1_34' title='bbox 447 206 483 240; x_wconf 84' lang='grc' dir='ltr'><em>εὖ</em></span> <span class='ocrx_word' id='word_1_35' title='bbox 507 209 665 250; x_wconf 72' lang='grc' dir='ltr'><em>γεγονώς,</em></span> <span class='ocrx_word' id='word_1_36' title='bbox 692 214 758 240; x_wconf 87' lang='grc' dir='ltr'><em>τῶν</em></span> <span class='ocrx_word' id='word_1_37' title='bbox 782 210 935 240; x_wconf 88' lang='grc' dir='ltr'><em>Δαυίδου</em></span> <span class='ocrx_word' id='word_1_38' title='bbox 958 213 1017 240; x_wconf 88' lang='grc' dir='ltr'><em>τοῦ</em></span> <span class='ocrx_word' id='word_1_39' title='bbox 1042 210 1134 249; x_wconf 85' lang='grc' dir='ltr'><em>βασι-</em></span> 
     </span>
     <span class='ocr_line' id='line_1_12' title="bbox 118 260 1135 305; baseline -0.003 -10"><span class='ocrx_word' id='word_1_40' title='bbox 118 263 200 301; x_wconf 82' lang='grc' dir='ltr'><em>λέως</em></span> <span class='ocrx_word' id='word_1_41' title='bbox 228 263 370 304; x_wconf 81' lang='grc' dir='ltr'><em>ζηλωτὴς</em></span> <span class='ocrx_word' id='word_1_42' title='bbox 398 262 679 303; x_wconf 75' lang='grc' dir='ltr'><em>ἐπιτηδευμάτων,</em></span> <span class='ocrx_word' id='word_1_43' title='bbox 711 261 765 293; x_wconf 81' lang='grc' dir='ltr'><em>καὶ</em></span> <span class='ocrx_word' id='word_1_44' title='bbox 795 266 905 305; x_wconf 81' lang='grc' dir='ltr'><em>σκοπῷ</em></span> <span class='ocrx_word' id='word_1_45' title='bbox 933 260 986 293; x_wconf 80' lang='grc' dir='ltr'><em>καὶ</em></span> <span class='ocrx_word' id='word_1_46' title='bbox 1017 263 1135 293; x_wconf 86' lang='grc' dir='ltr'><em>κανόνι</em></span> 
     </span>
     <span class='ocr_line' id='line_1_13' title="bbox 120 314 1135 357; baseline -0.004 -8"><span class='ocrx_word' id='word_1_47' title='bbox 120 321 177 357; x_wconf 86' lang='grc' dir='ltr'><em>τῆς</em></span> <span class='ocrx_word' id='word_1_48' title='bbox 205 317 283 357; x_wconf 82' lang='grc' dir='ltr'><em>ὅλης</em></span> <span class='ocrx_word' id='word_1_49' title='bbox 309 314 384 357; x_wconf 85' lang='grc' dir='ltr'><em>περὶ</em></span> <span class='ocrx_word' id='word_1_50' title='bbox 413 316 471 347; x_wconf 88' lang='grc' dir='ltr'><em>τὸν</em></span> <span class='ocrx_word' id='word_1_51' title='bbox 499 316 574 356; x_wconf 82' lang='grc' dir='ltr'><em>βίον</em></span> <span class='ocrx_word' id='word_1_52' title='bbox 607 315 844 355; x_wconf 76' lang='grc' dir='ltr'><em>ἐπιτηδεύσεως</em></span> <span class='ocrx_word' id='word_1_53' title='bbox 877 314 990 357; x_wconf 80' lang='grc' dir='ltr'><em>ἐκείνῳ</em></span> <span class='ocrx_word' id='word_1_54' title='bbox 1020 326 1135 355; x_wconf 84' lang='grc' dir='ltr'><em>κεχρη-</em></span> 
     </span>
     <span class='ocr_line' id='line_1_14' title="bbox 118 366 1135 410; baseline -0.002 -10"><span class='ocrx_word' id='word_1_55' title='bbox 118 369 225 410; x_wconf 82' lang='grc' dir='ltr'><em>μένος.</em></span> <span class='ocrx_word' id='word_1_56' title='bbox 267 369 353 410; x_wconf 84' lang='lat'><em>&lt;50&gt;</em></span> <span class='ocrx_word' id='word_1_57' title='bbox 378 369 554 409; x_wconf 79' lang='grc' dir='ltr'><em>γενόμενος</em></span> <span class='ocrx_word' id='word_1_58' title='bbox 578 366 608 399; x_wconf 83' lang='grc' dir='ltr'><em>δ’</em></span> <span class='ocrx_word' id='word_1_59' title='bbox 632 367 714 400; x_wconf 84' lang='grc' dir='ltr'><em>ἐτῶν</em></span> <span class='ocrx_word' id='word_1_60' title='bbox 738 368 864 399; x_wconf 84' lang='grc' dir='ltr'><em>δώδεκα</em></span> <span class='ocrx_word' id='word_1_61' title='bbox 883 368 944 408; x_wconf 84' lang='grc' dir='ltr'><em>τὴν</em></span> <span class='ocrx_word' id='word_1_62' title='bbox 963 366 1135 408; x_wconf 83' lang='grc' dir='ltr'><em>εὐσέβειαν</em></span> 
     </span>
     <span class='ocr_line' id='line_1_15' title="bbox 117 420 1134 462; baseline -0.002 -9"><span class='ocrx_word' id='word_1_63' title='bbox 117 421 171 453; x_wconf 82' lang='grc' dir='ltr'><em>καὶ</em></span> <span class='ocrx_word' id='word_1_64' title='bbox 200 422 260 462; x_wconf 82' lang='grc' dir='ltr'><em>τὴν</em></span> <span class='ocrx_word' id='word_1_65' title='bbox 289 422 505 462; x_wconf 82' lang='grc' dir='ltr'><em>δικαιοσύνην</em></span> <span class='ocrx_word' id='word_1_66' title='bbox 534 421 731 459; x_wconf 78' lang='grc' dir='ltr'><em>ἐπεδείξατο·</em></span> <span class='ocrx_word' id='word_1_67' title='bbox 766 422 825 452; x_wconf 86' lang='grc' dir='ltr'><em>τὸν</em></span> <span class='ocrx_word' id='word_1_68' title='bbox 855 421 917 462; x_wconf 78' lang='grc' dir='ltr'><em>γὰρ</em></span> <span class='ocrx_word' id='word_1_69' title='bbox 946 421 1028 452; x_wconf 85' lang='grc' dir='ltr'><em>λαὸν</em></span> <span class='ocrx_word' id='word_1_70' title='bbox 1057 420 1134 452; x_wconf 85' lang='grc' dir='ltr'><em>ε’σω-</em></span> 
     </span>
     <span class='ocr_line' id='line_1_16' title="bbox 118 473 1136 516; baseline -0.001 -10"><span class='ocrx_word' id='word_1_71' title='bbox 118 476 263 516; x_wconf 77' lang='grc' dir='ltr'><em>φρόνιζε,</em></span> <span class='ocrx_word' id='word_1_72' title='bbox 287 474 341 506; x_wconf 86' lang='grc' dir='ltr'><em>καὶ</em></span> <span class='ocrx_word' id='word_1_73' title='bbox 365 474 505 516; x_wconf 77' lang='grc' dir='ltr'><em>παρῄνει</em></span> <span class='ocrx_word' id='word_1_74' title='bbox 529 479 587 515; x_wconf 80' lang='grc' dir='ltr'><em>τῆς</em></span> <span class='ocrx_word' id='word_1_75' title='bbox 610 473 684 515; x_wconf 79' lang='grc' dir='ltr'><em>περὶ</em></span> <span class='ocrx_word' id='word_1_76' title='bbox 708 479 774 505; x_wconf 89' lang='grc' dir='ltr'><em>τῶν</em></span> <span class='ocrx_word' id='word_1_77' title='bbox 799 474 946 506; x_wconf 79' lang='grc' dir='ltr'><em>εἰδώλων</em></span> <span class='ocrx_word' id='word_1_78' title='bbox 970 473 1067 514; x_wconf 83' lang='grc' dir='ltr'><em>δόξης</em></span> <span class='ocrx_word' id='word_1_79' title='bbox 1091 473 1136 510; x_wconf 73' lang='grc' dir='ltr'><em>ὡς</em></span> 
     </span>
     <span class='ocr_line' id='line_1_17' title="bbox 118 527 1134 569; baseline -0.001 -10"><span class='ocrx_word' id='word_1_80' title='bbox 118 527 192 569; x_wconf 80' lang='grc' dir='ltr'><em>οὐχὶ</em></span> <span class='ocrx_word' id='word_1_81' title='bbox 216 531 307 559; x_wconf 87' lang='grc' dir='ltr'><em>θεῶν</em></span> <span class='ocrx_word' id='word_1_82' title='bbox 327 530 434 560; x_wconf 82' lang='grc' dir='ltr'><em>ὄντων</em></span> <span class='ocrx_word' id='word_1_83' title='bbox 453 527 658 564; x_wconf 73' lang='grc' dir='ltr'><em>ἀποστάντας</em></span> <span class='ocrx_word' id='word_1_84' title='bbox 677 527 787 568; x_wconf 78' lang='grc' dir='ltr'><em>σέβειν</em></span> <span class='ocrx_word' id='word_1_85' title='bbox 806 528 864 558; x_wconf 87' lang='grc' dir='ltr'><em>τὸν</em></span> <span class='ocrx_word' id='word_1_86' title='bbox 884 527 1023 568; x_wconf 84' lang='grc' dir='ltr'><em>πάτριον</em></span> <span class='ocrx_word' id='word_1_87' title='bbox 1041 528 1134 567; x_wconf 87' lang='grc' dir='ltr'><em>θεόν,</em></span> 
     </span>
     <span class='ocr_line' id='line_1_18' title="bbox 118 578 1135 622; baseline -0.002 -10"><span class='ocrx_word' id='word_1_88' title='bbox 118 581 157 612; x_wconf 80' lang='grc' dir='ltr'><em>τά</em></span> <span class='ocrx_word' id='word_1_89' title='bbox 181 593 215 612; x_wconf 89' lang='grc' dir='ltr'><em>τε</em></span> <span class='ocrx_word' id='word_1_90' title='bbox 239 587 306 612; x_wconf 89' lang='grc' dir='ltr'><em>τῶν</em></span> <span class='ocrx_word' id='word_1_91' title='bbox 329 581 504 622; x_wconf 75' lang='grc' dir='ltr'><em>προγόνων</em></span> <span class='ocrx_word' id='word_1_92' title='bbox 528 579 714 611; x_wconf 82' lang='grc' dir='ltr'><em>ἐπισκοπῶν</em></span> <span class='ocrx_word' id='word_1_93' title='bbox 744 581 822 621; x_wconf 75' lang='grc' dir='ltr'><em>ἔργα</em></span> <span class='ocrx_word' id='word_1_94' title='bbox 846 581 884 611; x_wconf 75' lang='grc' dir='ltr'><em>τὰ</em></span> <span class='ocrx_word' id='word_1_95' title='bbox 908 578 969 621; x_wconf 76' lang='grc' dir='ltr'><em>μὲν</em></span> <span class='ocrx_word' id='word_1_96' title='bbox 992 579 1135 621; x_wconf 78' lang='grc' dir='ltr'><em>ἁμαρτη-</em></span> 
     </span>
     <span class='ocr_line' id='line_1_19' title="bbox 118 632 1134 674; baseline 0 -10"><span class='ocrx_word' id='word_1_97' title='bbox 118 632 222 664; x_wconf 88' lang='grc' dir='ltr'><em>θέντα</em></span> <span class='ocrx_word' id='word_1_98' title='bbox 242 634 392 674; x_wconf 76' lang='grc' dir='ltr'><em>διώρθου</em></span> <span class='ocrx_word' id='word_1_99' title='bbox 412 638 556 670; x_wconf 81' lang='grc' dir='ltr'><em>συνετῶς</em></span> <span class='ocrx_word' id='word_1_100' title='bbox 575 633 620 670; x_wconf 89' lang='grc' dir='ltr'><em>ὡς</em></span> <span class='ocrx_word' id='word_1_101' title='bbox 638 632 680 664; x_wconf 74' lang='grc' dir='ltr'><em>ἂν</em></span> <span class='ocrx_word' id='word_1_102' title='bbox 699 633 922 674; x_wconf 86' lang='grc' dir='ltr'><em>πρεσβύτατος</em></span> <span class='ocrx_word' id='word_1_103' title='bbox 943 632 996 664; x_wconf 83' lang='grc' dir='ltr'><em>καὶ</em></span> <span class='ocrx_word' id='word_1_104' title='bbox 1016 638 1134 674; x_wconf 83' lang='grc' dir='ltr'><em>νοῆσαι</em></span> 
     </span>
     <span class='ocr_line' id='line_1_20' title="bbox 118 683 1134 727; baseline 0 -10"><span class='ocrx_word' id='word_1_105' title='bbox 118 687 154 717; x_wconf 85' lang='grc' dir='ltr'><em>τὸ</em></span> <span class='ocrx_word' id='word_1_106' title='bbox 179 685 256 717; x_wconf 90' lang='grc' dir='ltr'><em>δεόν</em></span> <span class='ocrx_word' id='word_1_107' title='bbox 281 687 490 725; x_wconf 76' lang='grc' dir='ltr'><em>ἱκανώτατος,</em></span> <span class='ocrx_word' id='word_1_108' title='bbox 515 686 574 717; x_wconf 83' lang='grc' dir='ltr'><em>ὅσα</em></span> <span class='ocrx_word' id='word_1_109' title='bbox 599 684 629 716; x_wconf 91' lang='grc' dir='ltr'><em>δ’</em></span> <span class='ocrx_word' id='word_1_110' title='bbox 656 686 813 727; x_wconf 79' lang='grc' dir='ltr'><em>ηὕρισκεν</em></span> <span class='ocrx_word' id='word_1_111' title='bbox 837 683 873 717; x_wconf 83' lang='grc' dir='ltr'><em>εὖ</em></span> <span class='ocrx_word' id='word_1_112' title='bbox 898 688 1056 726; x_wconf 73' lang='grc' dir='ltr'><em>γεγονότα</em></span> <span class='ocrx_word' id='word_1_113' title='bbox 1080 685 1134 717; x_wconf 83' lang='grc' dir='ltr'><em>καὶ</em></span> 
     </span>
     <span class='ocr_line' id='line_1_21' title="bbox 117 737 1131 780; baseline 0 -10"><span class='ocrx_word' id='word_1_114' title='bbox 117 740 198 770; x_wconf 77' lang='grc' dir='ltr'><em>κατὰ</em></span> <span class='ocrx_word' id='word_1_115' title='bbox 222 740 343 780; x_wconf 84' lang='grc' dir='ltr'><em>χώραν,</em></span> <span class='ocrx_word' id='word_1_116' title='bbox 367 738 530 780; x_wconf 80' lang='grc' dir='ltr'><em>ἐφύλαττέ</em></span> <span class='ocrx_word' id='word_1_117' title='bbox 551 750 586 770; x_wconf 89' lang='grc' dir='ltr'><em>τε</em></span> <span class='ocrx_word' id='word_1_118' title='bbox 604 738 658 770; x_wconf 80' lang='grc' dir='ltr'><em>καὶ</em></span> <span class='ocrx_word' id='word_1_119' title='bbox 679 738 832 780; x_wconf 78' lang='grc' dir='ltr'><em>ἐμιμεῖτο.</em></span> <span class='ocrx_word' id='word_1_120' title='bbox 875 740 960 779; x_wconf 90' lang='lat'>(51)</span> <span class='ocrx_word' id='word_1_121' title='bbox 980 744 1082 770; x_wconf 84' lang='grc' dir='ltr'><em>ταῦτα</em></span> <span class='ocrx_word' id='word_1_122' title='bbox 1102 737 1131 770; x_wconf 85' lang='grc' dir='ltr'><em>δ’</em></span> 
     </span>
     <span class='ocr_line' id='line_1_22' title="bbox 119 790 1135 834; baseline 0 -11"><span class='ocrx_word' id='word_1_123' title='bbox 119 793 255 833; x_wconf 75' lang='grc' dir='ltr'><em>ἔπραττε</em></span> <span class='ocrx_word' id='word_1_124' title='bbox 280 793 382 834; x_wconf 72' lang='grc' dir='ltr'><em>σοφίᾳ</em></span> <span class='ocrx_word' id='word_1_125' title='bbox 405 790 459 823; x_wconf 81' lang='grc' dir='ltr'><em>καὶ</em></span> <span class='ocrx_word' id='word_1_126' title='bbox 484 791 614 834; x_wconf 77' lang='grc' dir='ltr'><em>ἐπινοίᾳ</em></span> <span class='ocrx_word' id='word_1_127' title='bbox 638 796 696 832; x_wconf 80' lang='grc' dir='ltr'><em>τῆς</em></span> <span class='ocrx_word' id='word_1_128' title='bbox 720 793 852 832; x_wconf 82' lang='grc' dir='ltr'><em>φύσεως</em></span> <span class='ocrx_word' id='word_1_129' title='bbox 875 792 1056 833; x_wconf 85' lang='grc' dir='ltr'><em>χρώμενος,</em></span> <span class='ocrx_word' id='word_1_130' title='bbox 1080 791 1135 823; x_wconf 77' lang='grc' dir='ltr'><em>καὶ</em></span> 
     </span>
     <span class='ocr_line' id='line_1_23' title="bbox 118 843 1134 887; baseline 0 -11"><span class='ocrx_word' id='word_1_131' title='bbox 118 849 155 886; x_wconf 73' lang='grc' dir='ltr'><em>τῇ</em></span> <span class='ocrx_word' id='word_1_132' title='bbox 181 851 247 876; x_wconf 86' lang='grc' dir='ltr'><em>τῶν</em></span> <span class='ocrx_word' id='word_1_133' title='bbox 270 844 503 887; x_wconf 79' lang='grc' dir='ltr'><em>πρεσβυτέρων</em></span> <span class='ocrx_word' id='word_1_134' title='bbox 528 846 727 886; x_wconf 73' lang='grc' dir='ltr'><em>πειθόμενος</em></span> <span class='ocrx_word' id='word_1_135' title='bbox 747 847 933 887; x_wconf 76' lang='grc' dir='ltr'><em>συμβουλία</em></span> <span class='ocrx_word' id='word_1_136' title='bbox 956 843 1009 876; x_wconf 84' lang='grc' dir='ltr'><em>καὶ</em></span> <span class='ocrx_word' id='word_1_137' title='bbox 1031 856 1134 886; x_wconf 86' lang='grc' dir='ltr'><em>παρα-</em></span> 
     </span>
     <span class='ocr_line' id='line_1_24' title="bbox 118 897 1136 939; baseline 0.001 -10"><span class='ocrx_word' id='word_1_138' title='bbox 118 899 218 929; x_wconf 88' lang='grc' dir='ltr'><em>δόσει.</em></span> <span class='ocrx_word' id='word_1_139' title='bbox 265 904 334 936; x_wconf 83' lang='grc' dir='ltr'><em>τοῖς</em></span> <span class='ocrx_word' id='word_1_140' title='bbox 358 899 419 939; x_wconf 74' lang='grc' dir='ltr'><em>γὰρ</em></span> <span class='ocrx_word' id='word_1_141' title='bbox 444 899 559 939; x_wconf 86' lang='grc' dir='ltr'><em>νόμοις</em></span> <span class='ocrx_word' id='word_1_142' title='bbox 578 901 847 937; x_wconf 78' lang='grc' dir='ltr'><em>κατακολουθῶν,</em></span> <span class='ocrx_word' id='word_1_143' title='bbox 871 898 957 929; x_wconf 79' lang='grc' dir='ltr'><em>οὕτω</em></span> <span class='ocrx_word' id='word_1_144' title='bbox 980 897 1054 939; x_wconf 82' lang='grc' dir='ltr'><em>περὶ</em></span> <span class='ocrx_word' id='word_1_145' title='bbox 1074 899 1136 939; x_wconf 83' lang='grc' dir='ltr'><em>τὴν</em></span> 
     </span>
     <span class='ocr_line' id='line_1_25' title="bbox 117 949 1136 992; baseline 0 -10"><span class='ocrx_word' id='word_1_146' title='bbox 117 951 209 989; x_wconf 90' lang='grc' dir='ltr'><em>τάξιν</em></span> <span class='ocrx_word' id='word_1_147' title='bbox 233 956 290 992; x_wconf 82' lang='grc' dir='ltr'><em>τῆς</em></span> <span class='ocrx_word' id='word_1_148' title='bbox 313 953 479 988; x_wconf 77' lang='grc' dir='ltr'><em>πολιτείας</em></span> <span class='ocrx_word' id='word_1_149' title='bbox 507 950 560 982; x_wconf 85' lang='grc' dir='ltr'><em>καὶ</em></span> <span class='ocrx_word' id='word_1_150' title='bbox 590 955 647 991; x_wconf 81' lang='grc' dir='ltr'><em>τῆς</em></span> <span class='ocrx_word' id='word_1_151' title='bbox 674 949 749 992; x_wconf 85' lang='grc' dir='ltr'><em>περὶ</em></span> <span class='ocrx_word' id='word_1_152' title='bbox 778 952 814 982; x_wconf 90' lang='grc' dir='ltr'><em>τὸ</em></span> <span class='ocrx_word' id='word_1_153' title='bbox 843 954 940 982; x_wconf 81' lang='grc' dir='ltr'><em>θεῖον</em></span> <span class='ocrx_word' id='word_1_154' title='bbox 969 951 1136 992; x_wconf 74' lang='grc' dir='ltr'><em>εὐσεβείας</em></span> 
     </span>
     <span class='ocr_line' id='line_1_26' title="bbox 118 1003 1136 1045; baseline 0.001 -10"><span class='ocrx_word' id='word_1_155' title='bbox 118 1004 248 1035; x_wconf 77' lang='grc' dir='ltr'><em>εὐοδεῖν</em></span> <span class='ocrx_word' id='word_1_156' title='bbox 272 1016 306 1035; x_wconf 87' lang='grc' dir='ltr'><em>τε</em></span> <span class='ocrx_word' id='word_1_157' title='bbox 331 1003 520 1045; x_wconf 81' lang='grc' dir='ltr'><em>συνέβαινε,</em></span> <span class='ocrx_word' id='word_1_158' title='bbox 550 1005 604 1035; x_wconf 79' lang='grc' dir='ltr'><em>διὰ</em></span> <span class='ocrx_word' id='word_1_159' title='bbox 628 1005 665 1035; x_wconf 87' lang='grc' dir='ltr'><em>τὸ</em></span> <span class='ocrx_word' id='word_1_160' title='bbox 689 1005 749 1044; x_wconf 82' lang='grc' dir='ltr'><em>τὴν</em></span> <span class='ocrx_word' id='word_1_161' title='bbox 774 1005 899 1035; x_wconf 88' lang='grc' dir='ltr'><em>τούτων</em></span> <span class='ocrx_word' id='word_1_162' title='bbox 925 1007 1136 1045; x_wconf 85' lang='grc' dir='ltr'><em>παρανομίαν</em></span> 
     </span>
     <span class='ocr_line' id='line_1_27' title="bbox 118 1056 1135 1099; baseline 0 -11"><span class='ocrx_word' id='word_1_163' title='bbox 118 1057 161 1098; x_wconf 77' lang='grc' dir='ltr'><em>μὴ</em></span> <span class='ocrx_word' id='word_1_164' title='bbox 186 1057 362 1098; x_wconf 77' lang='grc' dir='ltr'><em>τυγχάνειν</em></span> <span class='ocrx_word' id='word_1_165' title='bbox 386 1056 457 1088; x_wconf 77' lang='grc' dir='ltr'><em>ἀλλ’</em></span> <span class='ocrx_word' id='word_1_166' title='bbox 485 1056 715 1097; x_wconf 81' lang='grc' dir='ltr'><em>ἐξηφανίσθαι.</em></span> <span class='ocrx_word' id='word_1_167' title='bbox 757 1057 843 1098; x_wconf 72' lang='lat'><em>&lt;52&gt;</em></span> <span class='ocrx_word' id='word_1_168' title='bbox 868 1057 1006 1099; x_wconf 85' lang='grc' dir='ltr'><em>περιιὼν</em></span> <span class='ocrx_word' id='word_1_169' title='bbox 1030 1058 1092 1098; x_wconf 75' lang='grc' dir='ltr'><em>γὰρ</em></span> <span class='ocrx_word' id='word_1_170' title='bbox 1117 1057 1135 1088; x_wconf 87' lang='grc' dir='ltr'>ὁ</span> 
     </span>
     <span class='ocr_line' id='line_1_28' title="bbox 118 1108 1131 1151; baseline 0.001 -10"><span class='ocrx_word' id='word_1_171' title='bbox 118 1111 272 1151; x_wconf 76' lang='grc' dir='ltr'><em>βασιλεὺς</em></span> <span class='ocrx_word' id='word_1_172' title='bbox 296 1108 349 1141; x_wconf 86' lang='grc' dir='ltr'><em>καὶ</em></span> <span class='ocrx_word' id='word_1_173' title='bbox 374 1110 433 1150; x_wconf 84' lang='grc' dir='ltr'><em>τὴν</em></span> <span class='ocrx_word' id='word_1_174' title='bbox 456 1112 554 1142; x_wconf 86' lang='grc' dir='ltr'><em>πόλιν</em></span> <span class='ocrx_word' id='word_1_175' title='bbox 578 1109 632 1141; x_wconf 79' lang='grc' dir='ltr'><em>καὶ</em></span> <span class='ocrx_word' id='word_1_176' title='bbox 656 1110 716 1150; x_wconf 84' lang='grc' dir='ltr'><em>τὴν</em></span> <span class='ocrx_word' id='word_1_177' title='bbox 740 1110 851 1151; x_wconf 84' lang='grc' dir='ltr'><em>χώραν</em></span> <span class='ocrx_word' id='word_1_178' title='bbox 875 1111 1015 1151; x_wconf 76' lang='grc' dir='ltr'><em>ἅπασαν,</em></span> <span class='ocrx_word' id='word_1_179' title='bbox 1041 1111 1080 1142; x_wconf 84' lang='grc' dir='ltr'><em>τά</em></span> <span class='ocrx_word' id='word_1_180' title='bbox 1104 1109 1131 1142; x_wconf 84' lang='grc' dir='ltr'><em>τ’</em></span> 
     </span>
     <span class='ocr_line' id='line_1_29' title="bbox 117 1162 1135 1204; baseline 0 -10"><span class='ocrx_word' id='word_1_181' title='bbox 117 1163 200 1203; x_wconf 73' lang='grc' dir='ltr'><em>ἄλση</em></span> <span class='ocrx_word' id='word_1_182' title='bbox 224 1164 264 1194; x_wconf 77' lang='grc' dir='ltr'><em>τὰ</em></span> <span class='ocrx_word' id='word_1_183' title='bbox 288 1169 357 1201; x_wconf 76' lang='grc' dir='ltr'><em>τοῖς</em></span> <span class='ocrx_word' id='word_1_184' title='bbox 381 1162 520 1201; x_wconf 75' lang='grc' dir='ltr'><em>ξενικοῖς</em></span> <span class='ocrx_word' id='word_1_185' title='bbox 540 1162 696 1204; x_wconf 77' lang='grc' dir='ltr'><em>ἀνειμένα</em></span> <span class='ocrx_word' id='word_1_186' title='bbox 715 1166 809 1201; x_wconf 82' lang='grc' dir='ltr'><em>θεοῖς</em></span> <span class='ocrx_word' id='word_1_187' title='bbox 829 1162 960 1201; x_wconf 76' lang='grc' dir='ltr'><em>ἐξέκοψε</em></span> <span class='ocrx_word' id='word_1_188' title='bbox 983 1162 1037 1194; x_wconf 83' lang='grc' dir='ltr'><em>καὶ</em></span> <span class='ocrx_word' id='word_1_189' title='bbox 1057 1165 1135 1201; x_wconf 84' lang='grc' dir='ltr'><em>τοὺς</em></span> 
     </span>
     <span class='ocr_line' id='line_1_30' title="bbox 117 1215 1135 1257; baseline -0.001 -9"><span class='ocrx_word' id='word_1_190' title='bbox 117 1218 249 1257; x_wconf 82' lang='grc' dir='ltr'><em>βωμοὺς</em></span> <span class='ocrx_word' id='word_1_191' title='bbox 273 1217 383 1248; x_wconf 86' lang='grc' dir='ltr'><em>αὐτῶν</em></span> <span class='ocrx_word' id='word_1_192' title='bbox 406 1216 625 1257; x_wconf 76' lang='grc' dir='ltr'><em>κατέσκαψεν,</em></span> <span class='ocrx_word' id='word_1_193' title='bbox 655 1219 687 1248; x_wconf 73' lang='grc' dir='ltr'><em>εἴ</em></span> <span class='ocrx_word' id='word_1_194' title='bbox 707 1229 738 1247; x_wconf 92' lang='grc' dir='ltr'><em>τι</em></span> <span class='ocrx_word' id='word_1_195' title='bbox 762 1215 793 1247; x_wconf 83' lang='grc' dir='ltr'><em>δ’</em></span> <span class='ocrx_word' id='word_1_196' title='bbox 820 1216 977 1257; x_wconf 74' lang='grc' dir='ltr'><em>ἀνάθημα</em></span> <span class='ocrx_word' id='word_1_197' title='bbox 1005 1217 1135 1253; x_wconf 82' lang='grc' dir='ltr'><em>τούτοις</em></span> 
     </span>
     <span class='ocr_line' id='line_1_31' title="bbox 118 1269 1134 1311; baseline 0.001 -11"><span class='ocrx_word' id='word_1_198' title='bbox 118 1269 181 1300; x_wconf 83' lang='grc' dir='ltr'><em>ὑπὸ</em></span> <span class='ocrx_word' id='word_1_199' title='bbox 220 1275 286 1300; x_wconf 88' lang='grc' dir='ltr'><em>τῶν</em></span> <span class='ocrx_word' id='word_1_200' title='bbox 322 1271 497 1311; x_wconf 79' lang='grc' dir='ltr'><em>προγόνων</em></span> <span class='ocrx_word' id='word_1_201' title='bbox 530 1269 692 1309; x_wconf 77' lang='grc' dir='ltr'><em>ἀνέκειτο,</em></span> <span class='ocrx_word' id='word_1_202' title='bbox 729 1271 949 1310; x_wconf 74' lang='grc' dir='ltr'><em>περιυβρίζων</em></span> <span class='ocrx_word' id='word_1_203' title='bbox 981 1269 1134 1301; x_wconf 79' lang='grc' dir='ltr'><em>κατέσπα.</em></span> 
     </span>
     <span class='ocr_line' id='line_1_32' title="bbox 118 1321 1135 1365; baseline 0.001 -12"><span class='ocrx_word' id='word_1_204' title='bbox 118 1322 203 1362; x_wconf 86' lang='lat'>(53)</span> <span class='ocrx_word' id='word_1_205' title='bbox 228 1321 280 1353; x_wconf 81' lang='grc' dir='ltr'><em>καὶ</em></span> <span class='ocrx_word' id='word_1_206' title='bbox 306 1323 410 1365; x_wconf 79' lang='grc' dir='ltr'><em>τούτῳ</em></span> <span class='ocrx_word' id='word_1_207' title='bbox 435 1327 479 1365; x_wconf 75' lang='grc' dir='ltr'><em>τῷ</em></span> <span class='ocrx_word' id='word_1_208' title='bbox 503 1323 611 1365; x_wconf 78' lang='grc' dir='ltr'><em>τρόπῳ</em></span> <span class='ocrx_word' id='word_1_209' title='bbox 637 1323 695 1353; x_wconf 91' lang='grc' dir='ltr'><em>τὸν</em></span> <span class='ocrx_word' id='word_1_210' title='bbox 719 1323 800 1353; x_wconf 88' lang='grc' dir='ltr'><em>λαὸν</em></span> <span class='ocrx_word' id='word_1_211' title='bbox 824 1322 887 1353; x_wconf 78' lang='grc' dir='ltr'><em>ἀπὸ</em></span> <span class='ocrx_word' id='word_1_212' title='bbox 908 1327 964 1362; x_wconf 83' lang='grc' dir='ltr'><em>τῆς</em></span> <span class='ocrx_word' id='word_1_213' title='bbox 983 1322 1057 1363; x_wconf 77' lang='grc' dir='ltr'><em>περὶ</em></span> <span class='ocrx_word' id='word_1_214' title='bbox 1077 1323 1135 1354; x_wconf 88' lang='grc' dir='ltr'><em>αὐ-</em></span> 
     </span>
     <span class='ocr_line' id='line_1_33' title="bbox 119 1374 1134 1416; baseline 0 -10"><span class='ocrx_word' id='word_1_215' title='bbox 119 1376 195 1412; x_wconf 86' lang='grc' dir='ltr'><em>τοὺς</em></span> <span class='ocrx_word' id='word_1_216' title='bbox 219 1374 316 1414; x_wconf 81' lang='grc' dir='ltr'><em>δόξης</em></span> <span class='ocrx_word' id='word_1_217' title='bbox 340 1376 386 1412; x_wconf 74' lang='grc' dir='ltr'><em>εἰς</em></span> <span class='ocrx_word' id='word_1_218' title='bbox 406 1375 466 1415; x_wconf 83' lang='grc' dir='ltr'><em>τὴν</em></span> <span class='ocrx_word' id='word_1_219' title='bbox 485 1379 544 1406; x_wconf 86' lang='grc' dir='ltr'><em>τοῦ</em></span> <span class='ocrx_word' id='word_1_220' title='bbox 563 1378 646 1406; x_wconf 86' lang='grc' dir='ltr'><em>θεοῦ</em></span> <span class='ocrx_word' id='word_1_221' title='bbox 667 1376 848 1416; x_wconf 83' lang='grc' dir='ltr'><em>θρησκείαν</em></span> <span class='ocrx_word' id='word_1_222' title='bbox 871 1374 1056 1416; x_wconf 78' lang='grc' dir='ltr'><em>ἐπέστρεψε,</em></span> <span class='ocrx_word' id='word_1_223' title='bbox 1080 1374 1134 1406; x_wconf 77' lang='grc' dir='ltr'><em>καὶ</em></span> 
     </span>
     <span class='ocr_line' id='line_1_34' title="bbox 118 1427 1136 1468; baseline 0.001 -9"><span class='ocrx_word' id='word_1_224' title='bbox 118 1428 175 1464; x_wconf 78' lang='grc' dir='ltr'><em>τὰς</em></span> <span class='ocrx_word' id='word_1_225' title='bbox 204 1428 362 1468; x_wconf 84' lang='grc' dir='ltr'><em>συνήθεις</em></span> <span class='ocrx_word' id='word_1_226' title='bbox 391 1427 553 1468; x_wconf 76' lang='grc' dir='ltr'><em>ἐπέφερον</em></span> <span class='ocrx_word' id='word_1_227' title='bbox 581 1430 704 1465; x_wconf 79' lang='grc' dir='ltr'><em>θυσίας</em></span> <span class='ocrx_word' id='word_1_228' title='bbox 731 1427 785 1459; x_wconf 78' lang='grc' dir='ltr'><em>καὶ</em></span> <span class='ocrx_word' id='word_1_229' title='bbox 814 1429 871 1465; x_wconf 76' lang='grc' dir='ltr'><em>τὰς</em></span> <span class='ocrx_word' id='word_1_230' title='bbox 897 1428 1136 1466; x_wconf 79' lang='grc' dir='ltr'><em>ὁλοκαυτώσεις</em></span> 
     </span>
    </p>
   </div>
   <div class='ocr_carea' id='block_1_10' title="bbox 104 1480 1136 1524">
    <p class='ocr_par' dir='ltr' id='par_1_10' title="bbox 104 1480 1136 1524">
     <span class='ocr_line' id='line_1_35' title="bbox 104 1480 1136 1524; baseline 0.001 -13"><span class='ocrx_word' id='word_1_231' title='bbox 104 1480 221 1522; x_wconf 67' lang='grc' dir='ltr'><em>4αὐτοῦ</em></span> <span class='ocrx_word' id='word_1_232' title='bbox 246 1486 290 1524; x_wconf 75' lang='grc' dir='ltr'><em>τῷ</em></span> <span class='ocrx_word' id='word_1_233' title='bbox 314 1483 421 1524; x_wconf 76' lang='grc' dir='ltr'><em>βωμῷ.</em></span> <span class='ocrx_word' id='word_1_234' title='bbox 460 1480 608 1518; x_wconf 80' lang='grc' dir='ltr'><em>ἀπέδειξε</em></span> <span class='ocrx_word' id='word_1_235' title='bbox 632 1480 671 1512; x_wconf 82' lang='grc' dir='ltr'><em>δέ</em></span> <span class='ocrx_word' id='word_1_236' title='bbox 689 1493 780 1518; x_wconf 85' lang='grc' dir='ltr'><em>τινας</em></span> <span class='ocrx_word' id='word_1_237' title='bbox 799 1481 911 1522; x_wconf 72' lang='grc' dir='ltr'><em>κριτὰς</em></span> <span class='ocrx_word' id='word_1_238' title='bbox 932 1480 986 1512; x_wconf 81' lang='grc' dir='ltr'><em>καὶ</em></span> <span class='ocrx_word' id='word_1_239' title='bbox 1007 1481 1136 1513; x_wconf 82' lang='grc' dir='ltr'><em>ἐπισκό-</em></span> 
     </span>
    </p>
   </div>
   <div class='ocr_carea' id='block_1_11' title="bbox 78 1647 104 1666">
    <p class='ocr_par' dir='ltr' id='par_1_11' title="bbox 78 1647 104 1666">
     <span class='ocr_line' id='line_1_36' title="bbox 78 1647 104 1666; baseline 0 0"><span class='ocrx_word' id='word_1_240' title='bbox 78 1647 104 1666; x_wconf 78' lang='grc'><em>80</em></span> 
     </span>
    </p>
   </div>
   <div class='ocr_carea' id='block_1_12' title="bbox 118 1532 1135 1734">
    <p class='ocr_par' dir='ltr' id='par_1_12' title="bbox 118 1532 1135 1576">
     <span class='ocr_line' id='line_1_37' title="bbox 118 1532 1135 1576; baseline 0.002 -12"><span class='ocrx_word' id='word_1_241' title='bbox 118 1545 212 1572; x_wconf 85' lang='grc' dir='ltr'><em>πους,</em></span> <span class='ocrx_word' id='word_1_242' title='bbox 232 1534 276 1571; x_wconf 85' lang='grc' dir='ltr'><em>ὡς</em></span> <span class='ocrx_word' id='word_1_243' title='bbox 296 1533 337 1565; x_wconf 76' lang='grc' dir='ltr'><em>ἂν</em></span> <span class='ocrx_word' id='word_1_244' title='bbox 355 1534 514 1565; x_wconf 79' lang='grc' dir='ltr'><em>διοικοῖεν</em></span> <span class='ocrx_word' id='word_1_245' title='bbox 534 1534 572 1564; x_wconf 83' lang='grc' dir='ltr'><em>τὰ</em></span> <span class='ocrx_word' id='word_1_246' title='bbox 591 1532 668 1574; x_wconf 80' lang='grc' dir='ltr'><em>παρ’</em></span> <span class='ocrx_word' id='word_1_247' title='bbox 692 1533 840 1571; x_wconf 75' lang='grc' dir='ltr'><em>ἑκάστοις</em></span> <span class='ocrx_word' id='word_1_248' title='bbox 858 1534 1041 1575; x_wconf 73' lang='grc' dir='ltr'><em>πράγματα,</em></span> <span class='ocrx_word' id='word_1_249' title='bbox 1059 1533 1135 1576; x_wconf 74' lang='grc' dir='ltr'><em>περὶ</em></span> 
     </span>
    </p>

    <p class='ocr_par' dir='ltr' id='par_1_13' title="bbox 118 1585 1134 1628">
     <span class='ocr_line' id='line_1_38' title="bbox 118 1585 1134 1628; baseline 0.001 -11"><span class='ocrx_word' id='word_1_250' title='bbox 118 1588 242 1624; x_wconf 84' lang='grc' dir='ltr'><em>παντὸς</em></span> <span class='ocrx_word' id='word_1_251' title='bbox 266 1588 301 1618; x_wconf 92' lang='grc' dir='ltr'><em>τὸ</em></span> <span class='ocrx_word' id='word_1_252' title='bbox 323 1587 453 1618; x_wconf 86' lang='grc' dir='ltr'><em>δίκαιον</em></span> <span class='ocrx_word' id='word_1_253' title='bbox 473 1587 665 1627; x_wconf 81' lang='grc' dir='ltr'><em>ποιούμενοι</em></span> <span class='ocrx_word' id='word_1_254' title='bbox 686 1585 740 1618; x_wconf 84' lang='grc' dir='ltr'><em>καὶ</em></span> <span class='ocrx_word' id='word_1_255' title='bbox 760 1592 817 1628; x_wconf 83' lang='grc' dir='ltr'><em>τῆς</em></span> <span class='ocrx_word' id='word_1_256' title='bbox 836 1592 943 1628; x_wconf 78' lang='grc' dir='ltr'><em>ψυχῆς</em></span> <span class='ocrx_word' id='word_1_257' title='bbox 965 1587 1024 1618; x_wconf 85' lang='grc' dir='ltr'><em>οὐκ</em></span> <span class='ocrx_word' id='word_1_258' title='bbox 1044 1588 1134 1619; x_wconf 78' lang='grc' dir='ltr'><em>ἔλατ-</em></span> 
     </span>
    </p>

    <p class='ocr_par' dir='ltr' id='par_1_14' title="bbox 119 1639 1135 1734">
     <span class='ocr_line' id='line_1_39' title="bbox 119 1639 1135 1681; baseline 0.001 -11"><span class='ocrx_word' id='word_1_259' title='bbox 119 1650 178 1670; x_wconf 86' lang='grc' dir='ltr'><em>τον</em></span> <span class='ocrx_word' id='word_1_260' title='bbox 204 1639 282 1671; x_wconf 84' lang='grc' dir='ltr'><em>αὐτὸ</em></span> <span class='ocrx_word' id='word_1_261' title='bbox 307 1639 527 1680; x_wconf 83' lang='grc' dir='ltr'><em>περιέποντες.</em></span> <span class='ocrx_word' id='word_1_262' title='bbox 575 1640 669 1680; x_wconf 78' lang='lat'>(54)</span> <span class='ocrx_word' id='word_1_263' title='bbox 694 1640 961 1681; x_wconf 77' lang='grc' dir='ltr'><em>διαπεμψάμενος</em></span> <span class='ocrx_word' id='word_1_264' title='bbox 990 1639 1025 1671; x_wconf 78' lang='grc' dir='ltr'><em>δὲ</em></span> <span class='ocrx_word' id='word_1_265' title='bbox 1054 1641 1135 1672; x_wconf 80' lang='grc' dir='ltr'><em>κατὰ</em></span> 
     </span>
     <span class='ocr_line' id='line_1_40' title="bbox 192 1700 878 1734; baseline 0.001 -8"><span class='ocrx_word' id='word_1_266' title='bbox 192 1702 206 1732; x_wconf 66' lang='grc' dir='ltr'><em>ξ</em></span> <span class='ocrx_word' id='word_1_267' title='bbox 223 1703 255 1726; x_wconf 81' lang='grc'><em>49</em></span> <span class='ocrx_word' id='word_1_268' title='bbox 277 1713 309 1722; x_wconf 91' lang='grc'><em>--</em></span> <span class='ocrx_word' id='word_1_269' title='bbox 331 1703 346 1726; x_wconf 87' lang='grc'>4</span> <span class='ocrx_word' id='word_1_270' title='bbox 361 1700 428 1734; x_wconf 80' lang='lat' dir='ltr'>Reg.</span> <span class='ocrx_word' id='word_1_271' title='bbox 446 1700 523 1726; x_wconf 79' lang='lat' dir='ltr'>XXII</span> <span class='ocrx_word' id='word_1_272' title='bbox 539 1703 567 1732; x_wconf 64' lang='grc' dir='ltr'><em>ἒς</em></span> <span class='ocrx_word' id='word_1_273' title='bbox 587 1704 602 1727; x_wconf 79' lang='lat'><strong>2</strong></span> <span class='ocrx_word' id='word_1_274' title='bbox 618 1700 708 1728; x_wconf 68' lang='lat' dir='ltr'>Para).</span> <span class='ocrx_word' id='word_1_275' title='bbox 726 1701 839 1727; x_wconf 78' lang='lat' dir='ltr'>XXXIV</span> <span class='ocrx_word' id='word_1_276' title='bbox 855 1704 878 1727; x_wconf 79' lang='lat'><em>2.</em></span> 
     </span>
    </p>
   </div>
  </div>
 </body>
</html>
