1261 1917
573 71 717 94 AEKATH
1086 68 1150 99 373

135 152 245 183 λεύειν
268 150 462 192 μέλλοντας,
491 151 527 182 τὸ
552 149 582 181 δ’
610 151 747 191 ἔσχατον
775 149 872 191 κέρας
896 151 1069 191 σημαίνειν
1093 150 1151 181 τὸν

135 205 272 245 ἔσχατον
291 202 439 244 βασιλέα,
462 207 581 235 τοῦτον
601 203 663 243 γὰρ
684 203 823 234 διοίσειν
843 202 998 234 ἁπάντων
1019 203 1150 246 πλούτῳ

135 269 168 288 τε
193 255 245 288 καὶ
271 257 358 298 δόξῃ.
396 257 503 295 (273)
529 257 587 287 τὸν
611 254 647 286 δὲ
672 255 795 296 τράγον
820 256 944 295 δηλοῦν
968 255 1012 293 ὡς
1034 255 1065 294 ἐξ
1082 254 1151 287 Ἑλ-

135 311 244 350 λήνων
273 322 322 347 τις
350 311 536 351 βασιλεύων
564 310 668 349 ἔσται,
698 309 734 346 ὃς
762 313 805 351 τῷ
831 309 944 350 Πέρσῃ
973 309 1151 350 συμβαλὼν

108 376 120 395 ⁵
135 362 186 400 δὶς
209 363 361 404 κρατήσει
386 367 423 404 τῇ
449 362 534 403 μάχῃ
558 361 611 393 καὶ
636 363 861 403 παραλήψεται
887 362 948 402 τὴν
972 362 1151 402 ἡγεμονίαν

133 417 272 448 ἅπασαν.
310 416 418 455 <2T4>
438 416 623 456 δηλοῦσθαι
644 413 673 446 δ’
691 415 755 446 ὑπὸ
773 419 832 446 τοῦ
852 415 997 456 μεγάλου
1016 414 1152 455 κέρατος

132 474 192 500 τοῦ
216 468 252 500 ἐν
275 474 320 512 τῷ
348 469 485 511 μετώπῳ
514 473 573 499 τοῦ
602 468 727 509 τράγου
755 469 814 499 τὸν
843 474 975 509 πρῶτον
1003 467 1151 509 βασιλέα,

132 520 186 553 καὶ
211 522 271 562 τὴν
295 527 362 553 τῶν
385 522 549 563 τεττάρων
578 521 823 562 ἀναβλάστησιν
852 520 1045 558 ἐκπεσόντος
1072 520 1152 552 ἐκεί-

132 587 194 607 νου
218 573 271 606 καὶ
296 575 356 615 τὴν
380 575 462 616 πρὸς
485 575 524 605 τὰ
548 573 685 615 τέτταρα
713 575 853 614 κλίματα
877 578 934 614 τῆς
958 578 1017 614 γῆς
1041 573 1152 605 αὐτῶν

94 641 118 660 10
133 628 348 669 ἀποστροφὴν
372 627 510 659 ἑκάστου
533 628 610 664 τοὺς
630 627 807 667 διαδόχους
826 627 905 667 μετὰ
926 628 983 658 τὸν
1003 627 1152 658 θάνατον

132 686 191 713 τοῦ
220 682 352 722 πρώτου
381 679 541 722 βασιλέως
569 678 822 720 ἐμφανίζεσθαι,
851 677 903 709 καὶ
935 679 1152 720 διαμερισμὸν

133 735 180 772 εἰς
203 734 324 771 αὐτοὺς
348 739 404 774 τῆς
428 734 610 774 βασιλείας,
639 732 714 763 οὔτε
743 730 778 763 δὲ
807 732 927 769 παῖδας
951 732 1053 763 αὐτοῦ
1077 733 1151 763 τού-

132 800 211 825 τους
235 789 333 824 ὄντας
356 787 432 818 οὔτε
461 791 633 826 συγγενεῖς
660 787 796 822 πολλοῖς
820 786 927 816 ἔτεσιν
955 785 1066 825 ἄρξειν
1095 789 1152 825 τῆς

133 839 338 881 οἰκουμένης.
376 840 484 879 <275>
508 839 707 878 γενήσεσθαι
733 836 762 868 δ’
787 837 821 868 ἐκ
845 838 971 869 τούτων
995 838 1069 868 τινα
1093 839 1151 878 βα-

93 905 117 925 15
133 893 224 926 σιλέα
248 894 307 924 τὸν
332 892 594 933 ἐκπολεμήσοντα
618 892 654 922 τό
678 889 706 922 τ’
730 892 830 928 ἔθνος
852 889 906 921 καὶ
931 892 1008 927 τοὺς
1028 891 1151 931 νόμους

133 947 243 978 αὐτῶν
265 945 319 977 καὶ
344 945 405 985 τὴν
427 944 497 976 κατ’
525 945 645 982 αὐτοὺς
674 943 943 984 ἀφαιρησόμενον
971 945 1150 980 πολιτείαν,

131 999 185 1031 καὶ
210 1000 396 1039 συλήσοντα
421 999 479 1029 τὸν
503 999 596 1037 ναόν,
620 996 673 1028 καὶ
698 998 755 1034 τὰς
779 999 901 1033 θυσίας
926 995 975 1028 ἐπ’
999 998 1052 1036 ἔτη
1077 999 1150 1038 τρία

131 1053 322 1084 κωλύσοντα
348 1051 608 1091 ἐπιτελεσθῆναι.
655 1051 763 1089 <2Ῑϋ>
787 1049 838 1080 καὶ
869 1050 908 1090 δὴ
934 1049 1032 1081 ταῦθ’
1058 1049 1151 1090 ἡμῶν

132 1105 254 1146 συνέβη
279 1110 323 1148 τῷ
348 1106 439 1136 ἔθνει
465 1107 588 1135 παθεῖν
608 1102 663 1135 ὑπ’
683 1102 853 1144 Ἀντιόχου
878 1107 937 1134 τοῦ
957 1102 1151 1143 ἐπιφανοῦς,

92 1169 118 1188 20
132 1159 244 1196 καθὼς
269 1156 357 1189 εἶδεν
377 1158 394 1189 ὁ
414 1160 583 1198 Δανιῆλος
602 1155 655 1188 καὶ
676 1159 812 1194 πολλοῖς
836 1157 942 1187 ε”τεσιν
962 1157 1151 1197 ἔμπροσθεν

133 1210 298 1253 ἀνέγραψε
327 1211 366 1242 τὰ
393 1211 606 1251 γενησόμενα.
652 1210 711 1241 τὸν
740 1210 842 1241 αὐτὸν
871 1207 907 1240 δὲ
936 1210 1059 1250 τρόπον
1083 1212 1150 1240 Δα-

132 1267 247 1305 νιῆλος
265 1263 319 1295 καὶ
339 1262 413 1305 περὶ
434 1268 491 1304 τῆς
510 1268 576 1294 τῶν
592 1262 757 1304 Ῥωμαίων
777 1262 954 1303 ἡγεμονίας
976 1261 1151 1303 ἀνέγραψε,

133 1317 184 1349 καὶ
212 1318 261 1349 ὅτι
290 1316 344 1348 ὑπ’
372 1317 482 1348 αὐτῶν
511 1317 723 1357 αἱρεθήσεται
752 1317 790 1347 τὰ
811 1315 1021 1356 Ἱεροσόλυμα
1050 1315 1101 1346 καὶ
1134 1316 1150 1347 ὁ

134 1371 213 1407 ναὸς
238 1369 496 1410 ἐρημωθήσεται.
539 1370 647 1409 <277>
668 1373 770 1400 ταῦτα
789 1367 885 1400 πάντ’
909 1368 1043 1407 ἐκεῖνος,
1068 1371 1151 1399 θεοῦ

93 1432 119 1452 25
134 1424 302 1461 δείξαντος
326 1422 424 1465 αὐτῷ,
449 1422 641 1463 συγγράψας
664 1421 847 1458 κατέλιπεν,
873 1421 955 1452 ὥστε
977 1422 1054 1458 τοὺς
1073 1421 1151 1452 ἀνα-

134 1477 356 1517 γινώσκοντας
375 1474 429 1506 καὶ
445 1476 483 1506 τὰ
499 1476 724 1516 συμβαίνοντα
745 1479 949 1511 σκοποῦντας
969 1474 1151 1515 θαυμάζειν

134 1528 186 1561 ἐπὶ
211 1533 248 1570 τῇ
277 1529 365 1569 παρὰ
388 1532 447 1559 τοῦ
475 1531 559 1559 θεοῦ
587 1532 662 1568 τιμῇ
691 1528 750 1558 τὸν
774 1529 960 1567 Δανιήλον,
991 1525 1045 1558 καὶ
1074 1529 1152 1564 τοὺς

131 1580 377 1621 Ἐπικουρείους
388 1580 422 1612 ἐκ
433 1581 559 1612 τούτων
572 1581 737 1621 εὑρίσκειν
747 1579 1028 1620 πεπλανημένους,
1043 1580 1151 1619 <278>

135 1636 170 1665 οἳ
190 1635 250 1674 τήν
274 1645 307 1665 τε
331 1635 493 1675 πρόνοιαν
518 1633 712 1674 ἐκβάλλουσι
738 1637 797 1664 τοῦ
821 1635 898 1673 βίου
917 1631 970 1664 καὶ
990 1633 1050 1664 τὸν
1069 1634 1152 1664 θεὸν

95 1697 121 1716 ³0
136 1687 195 1719 οὐκ
219 1687 369 1725 ἀξιοῦσιν
394 1686 620 1727 ἐπιτροπεύειν
649 1693 715 1718 τῶν
744 1686 959 1727 πραγμάτων,
988 1684 1060 1717 οὐδ’
1088 1686 1151 1717 ὑπὸ

237 1750 288 1774 273
304 1760 336 1769 =
352 1747 422 1773 Dan.
436 1747 501 1773 VIII
517 1750 558 1773 21.
