1261 1917
520 63 616 88 EKTH
1037 59 1078 90 29

65 145 286 188 κρατηκότας.’
333 145 440 184 <128>
456 143 507 176 ἐπὶ
528 144 656 181 τούτοις
678 143 695 175 ὁ
711 143 790 180 λαὸς
810 147 872 180 πᾶς
893 142 1011 182 ἤλγησε
1026 139 1078 172 καὶ

67 198 266 236 συνέπαθεν,
282 197 391 239 ὤμοσέ
400 209 433 229 τε
448 198 491 238 μὴ
503 198 722 238 περιόψεσθαι
734 197 792 227 τὸν
803 198 910 226 αἴτιον
920 199 977 235 τῆς
988 195 1081 234 νίκης

64 251 226 292 Ἰωνάθην
246 251 468 283 ἀποθανόντα.
506 249 557 282 καὶ
581 251 640 281 τὸν
664 247 724 290 μὲν
744 249 847 286 οὕτως
867 247 1079 288 ἐξαρπάζουσι

67 310 125 346 τῆς
139 309 198 336 τοῦ
217 305 340 345 πατρὸς
355 304 445 345 ἀρᾶς,
461 302 554 335 αὐτοὶ
575 302 605 334 δ’
623 302 720 343 εὐχὰς
734 300 816 342 ὑπὲρ
832 306 890 333 τοῦ
905 302 1082 332 νεανίσκου

43 368 55 387 5
69 362 241 390 ποιοῦνται
253 363 297 400 τῷ
311 361 380 400 θεῷ
396 356 471 388 ὥστ’
485 357 587 388 αὐτὸν
598 355 759 387 ἀπολῦσαι
775 359 834 386 τοῦ
844 354 1081 395 ἁμαρτήματος.

137 412 242 451 (129>
267 410 319 442 καὶ
349 411 366 442 ὁ
392 411 544 447 Σάουλος
573 410 618 446 εἰς
646 409 706 449 τὴν
737 407 855 439 ἑαυτοῦ
884 409 982 439 πόλιν
1008 407 1083 438 ὑπε-
1103 410 1118 433 6

70 471 203 506 στρεψε,
232 466 433 505 διαφθείρας
462 462 537 494 ὡσεὶ
567 463 729 504 μυριάδας
757 462 790 499 ἓξ
818 467 885 492 τῶν
909 461 1083 501 πολεμίων.

71 519 236 560 βασιλεύει
262 517 291 549 δ’
319 518 476 558 εὐτυχῶς,
504 515 557 548 καὶ
586 517 624 547 τὰ
649 516 859 555 πλησιόχωρα
883 519 949 545 τῶν
974 513 1085 544 ἐθνῶν

71 572 256 613 πολεμήσας
280 575 445 611 χειροῦται
472 571 508 601 τό
533 581 567 600 τε
588 568 793 610 Ἀμμανιτῶν
817 566 868 599 καὶ
897 568 1085 607 Μωαβιτῶν

33 633 58 653 10
72 624 125 656 καὶ
151 624 405 661 Παλαιστινούς,
433 622 639 664 Ἰδουμαίους
663 633 696 653 τε
720 620 773 652 καὶ
795 620 1008 662 Ἀμαληκίτας
1033 618 1083 650 καὶ

72 679 130 710 τὸν
154 677 289 719 βασιλέα
317 682 374 717 τῆς
398 678 526 716 Σωβᾶς.
574 674 657 716 ἦσαν
687 673 721 706 δὲ
751 675 866 711 παῖδες
889 674 976 716 αὐτῷ
1000 678 1087 713 τρεῖς

73 730 133 772 μὲν
157 732 307 771 ἄρρενες,
334 729 493 769 Ἰωνάθης
516 728 567 760 καὶ
592 727 712 765 Ἰεσοῦς
736 727 787 759 καὶ
815 726 995 768 1Μέλχισος,
1026 729 1086 757 θυ-

74 784 208 825 γατέρες
236 782 271 814 δὲ
305 783 439 823 Μερόβη
473 781 523 813 καὶ
555 781 699 821 Mcxoiaa.
750 781 933 821 στρατηγὸν
961 778 991 810 δ’
1023 776 1087 819 εἶχε

74 839 133 869 τὸν
166 841 225 868 τοῦ
258 838 356 867 θείου
383 836 486 866 παῖδα
512 833 723 875 Ἀβέννηρον·
775 834 883 872 (130))
914 834 1027 873 Νῆρος
1055 829 1085 862 δ’

36 899 59 918 15
76 890 200 927 ἐκεῖνος
231 889 384 920 ἐκαλεῖτο.
437 889 550 928 Νῆρος
581 885 618 918 δὲ
650 885 704 917 καὶ
734 888 854 923 Κεῖσος
883 886 899 917 ὁ
932 886 1088 916 Σαούλου

75 944 180 984 πατὴρ
196 940 334 982 ἀδελφοὶ
349 938 444 981 ἦσαν,
459 939 526 972 υἱοὶ
545 939 575 971 δ’
591 939 754 980 Ἀβιήλου.
784 937 825 979 ἧν
840 937 876 970 δὲ
892 937 944 970 καὶ
960 941 1089 979 πλῆθος

75 996 228 1037 ἁρμάτων
254 994 395 1036 Σαούλῳ
419 992 469 1024 καὶ
498 992 636 1024 ἱππέων·
667 992 725 1029 οὓς
749 990 785 1023 δὲ
809 992 1013 1032 πολεμήσειε,
1042 1003 1090 1022 νι-

75 1049 176 1089 κήσας
187 1047 418 1088 ἀπηλλάττετο,
434 1045 487 1077 καὶ
504 1047 581 1082 τοὺς
593 1045 766 1086 Ἑβραίους
782 1046 829 1082 εἰς
844 1045 1026 1086 εὐπραγίαν
1037 1043 1087 1075 καὶ

78 1101 219 1143 μέγεθος
234 1101 446 1141 εὐδαιμονίας
461 1099 676 1140 προηγάγετο,
692 1097 743 1129 καὶ
762 1104 827 1129 τῶν
842 1099 952 1130 ἄλλων
963 1097 1091 1129 ἀπέδει-

39 1163 65 1182 20
79 1155 132 1193 ξεν
148 1154 258 1186 ἐθνῶν
274 1152 530 1193 δυνατωτέρους.
558 1157 626 1183 τῶν
646 1150 681 1183 δὲ
702 1153 787 1183 νέων
806 1153 883 1188 τοὺς
902 1152 942 1191 δὴ
958 1150 1089 1192 μεγέθει

78 1207 130 1239 καὶ
151 1207 262 1239 κάλλει
282 1205 502 1247 διαφέροντας
521 1206 671 1246 φύλακας
690 1209 749 1236 τοῦ
769 1205 918 1246 σώματος
942 1204 1092 1235 ἐποιεῖτο.

146 1261 262 1300 (131)
299 1260 495 1300 Σαμούηλος
537 1257 573 1290 δὲ
612 1260 878 1299 παραγενόμενος
915 1259 998 1298 πρὸς
1034 1258 1093 1288 τὸν
1110 1259 1126 1290 7

79 1314 235 1345 Σάουλον
250 1316 445 1353 πεμφθῆναι
460 1313 542 1352 πρὸς
557 1312 659 1343 αὐτὸν
675 1313 818 1352 ἔφασκεν
837 1311 901 1343 ὑπὸ
921 1315 980 1342 τοῦ
1000 1314 1094 1349 θεοῦ,

80 1367 168 1403 ὅπως
196 1366 298 1397 αὐτὸν
325 1366 507 1406 ὑπομνήσει
537 1365 585 1396 ὅτι
618 1364 753 1405 βασιλέα
784 1366 965 1405 προκρίνας
993 1364 1095 1395 αὐτὸν

41 1427 66 1447 2⁵
81 1419 236 1451 ἁπάντων
256 1419 272 1450 ὁ
292 1419 372 1456 θεὸς
391 1417 550 1455 ἀπέδειξε,
574 1417 628 1448 καὶ
649 1418 704 1448 διὰ
723 1422 820 1449 τοῦτο
843 1419 1022 1449 πείθεσθαι
1042 1416 1092 1448 καὶ

81 1473 242 1513 κατήκοον
270 1472 358 1514 αὐτῷ
383 1472 551 1511 γίνεσθαι,
583 1470 627 1508 ὡς
655 1471 758 1502 αὐτοῦ
786 1469 847 1512 μὲν
876 1472 1009 1512 ἔχοντος
1036 1471 1097 1511 τὴν

82 1531 148 1557 τῶν
172 1525 283 1556 ἐθνῶν
307 1524 496 1565 ἡγεμονίαν,
520 1528 579 1555 τοῦ
603 1521 639 1554 δὲ
664 1527 747 1555 θεοῦ
771 1523 824 1555 καὶ
845 1524 905 1564 τὴν
923 1523 993 1555 κατ’
1016 1523 1095 1555 ἐκεί-

83 1590 143 1610 νου
167 1577 219 1610 καὶ
244 1583 311 1609 τῶν
335 1577 422 1608 ὅλων
445 1577 654 1618 πραγμάτων.
700 1576 810 1617 λέγειν
836 1579 953 1609 τοίνυν
977 1579 1097 1618 ἔφασκε

83 1632 141 1663 τὸν
160 1633 253 1669 θεόν,
278 1631 385 1670 (132)
408 1629 473 1661 ἐπεὶ
496 1631 601 1661 πολλὰ
620 1631 702 1661 κακὰ
721 1631 799 1668 τοὺς
814 1629 988 1672 Ἑβραίους
1004 1629 1097 1671 Ἀμα-

46 1691 72 1710 80
85 1687 211 1724 ληκῖται
236 1683 397 1724 διέθηκαν
420 1684 501 1714 κατὰ
525 1684 585 1723 τὴν
604 1684 736 1724 ἔρημον,
761 1683 808 1715 ὅτ’
832 1683 1022 1722 ἐξελθόντες
1041 1682 1096 1715 ἀπ’

156 1748 170 1776 ξ
187 1748 236 1770 129
257 1757 290 1767 --
312 1748 324 1770 1
341 1744 410 1777 Reg.
429 1743 493 1768 XIV
510 1746 551 1769 49.
