1261 1917
154 76 217 107 298
520 78 790 103 APXAIOAOFIAE

152 157 229 192 τοὺς
258 154 294 187 δὲ
321 157 440 193 παῖδας
467 157 576 188 αὐτῶν
604 156 702 188 οὐδὲν
730 157 901 198 εἰργάσατο
930 157 1055 196 δεινόν,
1084 156 1158 188 ἀκό-

154 211 261 239 λουθα
289 214 393 240 ποιῶν
417 215 485 246 τοῖς
508 209 671 246 Μωυσέος
694 211 820 250 νόμοις,
847 210 882 247 ὃς
906 209 965 241 οὐκ
989 209 1158 240 ἐδικαίωσε

153 262 208 292 δια
231 260 380 302 πατέρων
404 261 560 302 ἁμαρτίας
586 262 682 293 τέκνα
705 262 861 300 κολάζειν.
908 262 1023 303 <188>
1049 264 1157 294 ἔπειτα

152 314 306 354 στρατιὰν
326 313 471 351 ἐπιλέξας
491 314 524 345 ἐκ
539 319 596 355 τῆς
607 313 713 346 Ἰούδα
733 317 840 356 φυλῆς
859 314 911 346 καὶ
928 315 1157 356 Βενιαμίτιδος

150 371 216 396 τῶν
247 365 282 397 ἐν
312 366 395 407 ἀκμῇ
428 366 481 398 καὶ
514 365 595 409 ὑπὲρ
627 370 750 399 εἴκοσιν
783 369 836 408 ἔτη
870 370 1070 408 γεγονότων,
1102 367 1153 399 καὶ

151 420 375 460 συναθροίσας
399 419 442 456 ὡς
465 420 638 461 τριάκοντα
658 421 829 460 μυριάδας,
853 422 978 452 τούτων
1002 419 1061 460 μὲν
1086 419 1156 451 ἑκα-

150 472 348 511 τοντάρχους
375 471 562 512 κατέστησε,
592 472 720 513 πέμψας
749 471 784 503 δὲ
812 472 865 504 καὶ
896 474 976 513 πρὸς
1004 474 1062 504 τὸν
1090 479 1156 504 τῶν

148 522 355 563 Ἰσραηλιτῶν
380 523 513 563 βασιλέα
537 528 714 565 μισθοῦται
737 524 814 555 δέκα
834 525 995 566 μυριάδας
1014 525 1156 557 ὁπλιτῶν

150 575 320 607 ταλάντων
344 574 459 607 ἑκατὸν
484 576 657 617 ἀργυρίου·
687 578 855 617 διεγνώκει
884 578 945 618 γὰρ
974 583 1042 615 τοῖς
1063 576 1156 618 Ἀμα-

151 631 291 667 ληκιτῶν
311 629 423 659 ἔθνεσι
442 628 495 659 καὶ
510 628 702 670 Ἰδουμαίων
721 629 774 660 καὶ
796 631 987 670 Γαβαλιτῶν
1007 629 1156 671 ἐπιστρα-

150 681 339 711 τεύσασθαι.
394 680 513 720 <189>
549 681 882 723 παρασκευασαμένου
916 680 952 713 δὲ
984 684 1065 723 πρὸς
1097 683 1156 723 τὴν

151 734 322 773 στρατείαν
345 732 398 764 καὶ
422 734 598 774 μέλλοντος
617 734 766 775 ἐξορμᾶν,
790 735 806 766 ὁ
826 736 995 775 προφήτης
1014 736 1072 766 τὸν
1090 741 1156 766 τῶν

147 785 356 826 Ἰσραηλιτῶν
388 788 528 827 στρατὸν
561 786 722 818 ἀπολῦσαι
760 788 1032 828 συνεβούλευσεν·
1071 785 1155 819 εἶναι

151 839 211 879 γὰρ
236 839 351 879 ἀσεβῆ,
377 838 429 869 καὶ
454 840 511 870 τὸν
535 840 617 870 θεὸν
640 837 741 879 ἧτταν
769 840 855 883 αὐτῷ
883 839 1056 881 προλέγειν
1080 852 1156 881 χρη-

150 890 278 934 σαμένῳ
302 892 431 929 τούτοις
455 892 648 932 συμμάχοις,
677 891 886 933 περιέσεσθαι
914 891 949 924 δὲ
973 899 1039 924 τῶν
1062 896 1155 925 πολε-

149 945 233 983 μίων
256 943 310 975 καὶ
329 943 396 985 μετ’
419 944 540 984 ὀλίγων
560 944 672 981 αὐτοῖς
691 944 931 985 ἀγωνιζόμενον
950 945 1155 986 βουλομένου

149 1000 207 1027 τοῦ
231 1000 322 1027 θεοῦ.
368 996 476 1036 <190>
500 997 749 1037 δυσφοροῦντος
777 996 813 1028 δὲ
837 1002 895 1028 τοῦ
919 997 1078 1038 βασιλέως
1103 997 1152 1029 ἐπὶ

149 1053 193 1090 τῷ
222 1051 350 1088 φθῆναι
384 1050 441 1080 τὸν
474 1050 597 1089 μισθὸν
630 1049 806 1080 δεδωκέναι
839 1055 907 1087 τοῖς
931 1049 1155 1091 Ἰσραηλίταις,

149 1100 287 1142 παρῄνει
315 1107 423 1132 ποιεῖν
451 1102 467 1133 ὁ
492 1103 661 1142 προφήτης
689 1103 706 1133 ὅ
730 1114 759 1133 τι
788 1107 831 1144 τῷ
855 1105 922 1145 θεῷ
949 1103 1050 1134 δοκεῖ·
1079 1104 1155 1144 χρή-
1199 1128 1205 1133 .
1243 1107 1246 1110 ’

149 1165 232 1193 ματα
253 1152 282 1184 δ’
305 1153 392 1196 αὐτῷ
411 1155 515 1185 πολλὰ
534 1153 610 1195 παρ’
633 1154 735 1185 αὐτοῦ
755 1155 961 1194 γενήσεσθαι.
1006 1154 1060 1186 καὶ
1079 1157 1156 1194 τοὺς

149 1204 209 1246 μὲν
233 1206 382 1245 ἀπολύει,
411 1208 600 1248 χαρίζεσθαι
624 1208 682 1238 τὸν
706 1208 829 1248 μισθὸν
854 1208 969 1248 εἰπών,
998 1208 1095 1246 αὐτὸς
1119 1207 1154 1240 δὲ

149 1259 227 1299 μετὰ
255 1263 312 1299 τῆς
340 1259 460 1296 οἰκείας
488 1259 658 1300 δυνάμεως
690 1259 741 1291 ἐπὶ
774 1261 812 1291 τὰ
843 1260 1062 1302 προειρημένα
1090 1266 1155 1292 τῶν

149 1310 260 1342 ἐθνῶν
285 1310 483 1351 ἐστράτευσε.
529 1310 581 1342 καὶ
610 1313 771 1353 κρατήσας
795 1312 904 1344 αὐτῶν
927 1318 964 1354 τῇ
988 1313 1073 1355 μάχῃ
1096 1326 1154 1354 μυ-

149 1365 242 1404 ρίους
265 1362 325 1404 μὲν
349 1363 526 1404 ἀπέκτεινε,
550 1364 658 1405 <191>
678 1366 856 1402 τοσούτους
880 1364 915 1397 δὲ
940 1367 1060 1404 ζῶντας
1083 1367 1153 1397 ε”λα-

148 1418 216 1456 βεν,
241 1416 299 1453 οὓς
323 1415 374 1448 ἐπὶ
398 1417 457 1457 τὴν
481 1417 625 1457 μεγάλην
649 1417 781 1457 ἀγαγὼν
804 1417 936 1459 πέτραν,
960 1418 1040 1459 ἥπερ
1065 1417 1153 1449 ἐστὶν

148 1469 228 1499 κατὰ
252 1469 311 1509 τὴν
328 1468 492 1510 Ἀραβίαν,
516 1468 570 1500 ἀπ’
595 1470 695 1510 αὐτῆς
717 1471 983 1511 κατεκρήμνισεν·
1008 1469 1154 1510 ἀπήγαγέ

148 1532 181 1551 τε
206 1523 297 1552 λείαν
320 1522 445 1561 πολλὴν
468 1521 521 1552 καὶ
546 1525 690 1553 πλοῦτον
713 1523 867 1562 ἄφθονον
887 1522 920 1553 ἐκ
943 1528 1009 1553 τῶν
1033 1521 1151 1553 ἐθνῶν.

148 1573 268 1613 <192>
297 1572 451 1614 Ἀμασίου
484 1573 513 1604 δ’
545 1573 580 1604 ἐν
613 1574 741 1611 τούτοις
772 1574 989 1615 ὑπάρχοντος,
1022 1574 1056 1604 οἱ
1085 1579 1151 1605 τῶν

144 1624 352 1666 Ἰσραηλιτῶν
367 1625 425 1662 οὓς
439 1625 578 1656 ἀπέλυσε
593 1625 852 1666 μισθωσάμενος,
872 1625 1152 1665 ἀγανακτήσαντες

1173 638 1196 656 10

1172 899 1194 917 15

1170 1161 1194 1179 ⁴20

1168 1422 1192 1441 25

148 1676 199 1708 ἐπὶ
230 1678 333 1720 τούτῳ
362 1676 414 1708 καὶ
443 1678 635 1718 νομίσαντες
662 1678 760 1718 ὕβριν
789 1675 871 1709 εἶναι
900 1678 959 1718 τὴν
990 1677 1150 1710 ἀπόλυσιν
1164 1687 1189 1706 30

218 1740 232 1768 ξ
249 1739 298 1763 188
315 1750 346 1758 =
362 1740 376 1762 ⁶2
393 1736 481 1762 Parnl.
498 1737 573 1762 XXV
588 1740 611 1764 5.
699 1740 712 1768 ξ
730 1740 780 1763 190
797 1750 828 1759 =
844 1741 859 1763 4
874 1737 941 1770 Reg.
957 1737 1020 1763 XIV
1036 1741 1057 1763 7.
