1261 1917
554 56 697 80 ΔΕΚΑΤΗ
1068 53 1133 85 365

119 134 281 167 κατέκειτο
306 136 450 166 δειπνῶν
475 134 511 166 ἐν
535 138 612 178 οἴκῳ
637 135 766 178 μεγάλῳ
791 134 843 166 καὶ
868 136 951 175 πρὸς
975 133 1134 171 ἑστιάσεις

118 187 324 231 πεποιημένῳ
353 189 524 229 βασιλικὰς
551 188 630 228 μετα
658 193 725 218 τῶν
752 188 965 219 παλλακίδων
988 186 1041 219 καὶ
1066 193 1133 218 τῶν

119 243 236 282 φίλων.
283 242 390 282 <233>
417 241 516 279 δόξαν
541 239 570 272 δ’
598 241 699 283 αὐτῷ,
724 244 925 281 κομισθῆναι
949 241 1071 272 κελεύει
1099 239 1133 271 ἐκ

118 299 177 326 τοῦ
202 295 290 325 ι’διόυ
314 298 397 325 ναοῦ
421 294 460 325 τὰ
479 298 538 325 τοῦ
557 297 641 324 θεοῦ
661 294 770 333 σκεύη,
795 293 814 324 ἃ
835 295 979 334 συλήσας
1000 295 1133 334 Ναβου-

90 361 102 381 5
117 348 338 388 χοδονόσυρος
362 345 396 377 ἐκ
420 352 487 377 τῶν
505 345 741 387 Ἱεροσολύμων
765 346 825 377 οὐκ
850 345 965 387 ἐχρῆτο
990 345 1060 386 μέν,
1086 347 1132 382 εἰς

118 399 153 432 δὲ
184 401 242 431 τὸν
272 400 374 431 αὑτοῦ
405 400 488 431 ναὸν
517 398 708 439 κατέθηκεν.
759 399 858 436 αὐτὸς
891 398 921 430 δ’
952 399 1016 430 ὑπὸ
1048 399 1132 439 θρά-

118 461 196 491 σους
215 451 395 494 προαχθεὶς
419 451 495 484 ὥστ’
517 453 629 490 αὐτοῖς
649 456 792 493 χρῆσθαι
813 452 932 493 μεταξὺ
951 453 1059 483 πίνων
1078 450 1132 482 καὶ

117 508 322 547 βλασφημῶν
350 506 397 542 εἰς
425 506 483 537 τὸν
510 507 608 545 θεόν,
642 505 676 536 ἐκ
704 510 764 537 τοῦ
791 507 920 546 τείχους
949 505 1009 546 ὁρᾷ
1040 510 1132 545 χεῖρα

116 563 300 600 προϊοῦσαν
323 557 377 590 καὶ
401 563 446 601 τῷ
470 560 568 601 τοίχῳ
592 560 686 596 τινας
705 559 870 599 συλλαβὰς
889 557 1132 599 ἐγγράφουσαν.

78 625 102 644 ιο
116 612 232 652 <234>
262 610 438 653 ταραχθεὶς
467 610 496 642 δ’
523 612 587 643 ὑπὸ
612 616 669 652 τῆς
697 613 803 649 ὄψεως
831 612 1026 642 συνεκάλεσε
1055 612 1133 648 τοὺς

116 665 242 705 μάγους
264 663 318 696 καὶ
342 666 419 702 τοὺς
444 665 645 704 Χαλδαίους,
673 663 727 696 καὶ
755 669 822 696 πᾶν
850 669 947 695 τοῦτο
976 665 1012 695 τὸ
1037 663 1133 704 γε’νος

116 718 197 750 ὅσον
220 716 262 758 ἦν
286 717 322 749 ἐν
345 723 414 755 τοῖς
439 719 667 758 Βαβυλωνίοις
695 718 734 749 τά
763 729 796 748 τε
825 723 942 758 σημεῖα
970 716 1021 748 καὶ
1048 717 1133 748 ὀνεί-

116 783 197 812 ρατα
230 773 357 812 κρίνειν
390 771 592 812 δυνάμενον,
626 771 670 808 ὡς
704 770 745 801 ἂν
777 770 864 813 αὐτῷ
894 770 1064 810 δηλώσωσι
1094 771 1133 801 τὰ

116 824 333 866 γεγραμμένα.
386 824 501 864 <235>
530 830 596 855 τῶν
625 822 661 854 δὲ
692 824 806 864 μάγων
838 821 937 854 οὐδὲν
968 823 1133 864 εὑρίσκειν

77 890 101 909 15
117 876 193 909 οὐδὲ
219 876 368 909 συνιέναι
393 878 573 917 λεγόντων,
601 875 657 908 ὑπ’
684 876 827 917 ἀγωνίας
856 876 872 907 ὁ
897 876 1052 916 βασιλεὺς
1078 874 1132 906 καὶ

115 933 239 971 πολλῆς
267 935 324 970 τῆς
348 929 399 961 ἐπὶ
423 935 468 972 τῷ
491 929 665 972 παραδόξῳ
691 930 795 969 λύπης
823 929 903 960 κατὰ
927 933 1036 960 πᾶσαν
1061 928 1133 969 ἔκη’·

115 984 192 1024 ρυξε
215 984 275 1023 τὴν
299 984 423 1024 χώραν,
450 988 494 1025 τῷ
518 983 557 1014 τὰ
581 982 753 1023 γράμματα
777 981 830 1013 καὶ
855 982 916 1022 τὴν
939 980 995 1013 ὑπ’
1022 982 1132 1013 αὐτῶν

116 1035 324 1077 δηλουμένην
344 1036 497 1067 διάνοιαν
512 1040 601 1076 σαφῆ
619 1036 793 1075 ποιήσαντι
815 1036 934 1066 δώσειν
953 1035 1132 1076 ὑπισχνού-

115 1101 213 1130 μενος
237 1090 397 1130 στρεπτὸν
424 1088 656 1130 περιαυχένιον
684 1092 846 1129 χρυσοῦν,
875 1086 928 1119 καὶ
952 1092 1131 1129 πορφυρᾶν

75 1153 101 1172 20
116 1141 239 1183 ἐσθῆτα
264 1148 382 1183 φορεῖν
406 1142 450 1179 ὡς
473 1142 508 1173 οἱ
528 1147 595 1173 τῶν
620 1142 796 1173 Χαλδαίων
825 1143 985 1182 βασιλεῖς,
1013 1140 1067 1172 καὶ
1094 1142 1130 1172 τὸ

115 1198 226 1236 τρίτον
246 1195 344 1237 μέρος
363 1200 421 1236 τῆς
436 1196 523 1232 ἰδίας
542 1195 651 1236 ἀρχῆς.
689 1195 796 1234 (236)
814 1195 935 1226 τούτου
950 1193 1132 1235 γενομένου

115 1253 174 1280 τοῦ
197 1249 404 1289 κηρύγματος
427 1249 474 1279 ε”τι
494 1251 620 1289 μᾶλλον
643 1248 677 1278 οἶ
694 1247 791 1288 μάγοι
813 1248 1058 1288 συνδραμόντες
1077 1246 1130 1278 καὶ

115 1301 410 1342 φιλοτιμησάμενοι
434 1302 517 1342 πρὸς
539 1301 600 1341 τὴν
620 1301 750 1341 εὕρεσιν
770 1306 836 1331 τῶν
856 1301 1056 1341 γραμμάτων
1076 1300 1131 1331 οὐ-

116 1353 174 1385 δὲν
194 1355 328 1386 ἔλαττον
343 1354 523 1395 ἠπόρησαν.
562 1354 670 1394 <237>
689 1353 884 1394 ἀθυμοῦντα
905 1352 935 1384 δ’
954 1352 1006 1384 ἐπὶ
1026 1353 1130 1396 τούτῳ

76 1417 101 1437 25
116 1406 304 1448 θεασαμένη
335 1408 393 1438 τὸν
424 1406 560 1448 βασιλέα
593 1406 609 1447 ἡ
639 1407 750 1447 μάμμη
783 1406 885 1437 αὐτοῦ
915 1406 1132 1447 παραθαρρύ-

116 1473 187 1492 νειν
210 1460 345 1507 ἤρξατο,
374 1459 428 1491 καὶ
457 1460 565 1500 λέγειν
593 1460 638 1497 ὡς
667 1461 734 1491 ἔστι
758 1471 808 1496 τις
832 1458 866 1490 ἐκ
891 1464 949 1500 τῆς
970 1457 1132 1496 Ἰουδαίας

116 1514 329 1555 αἰχμάλωτος,
354 1512 483 1544 ἐκεῖθεν
506 1514 543 1544 τὸ
567 1513 673 1553 γένος,
698 1511 813 1553 ἀχθεὶς
834 1513 898 1544 ὑπὸ
918 1516 977 1543 τοῦ
998 1514 1131 1553 Ναβου-

116 1567 340 1608 χοδονοσόρου
355 1567 587 1608 πορθήσαντος
598 1564 818 1607 Ἱεροσόλυμα,
832 1568 1000 1605 Δανιῆλος
1015 1566 1130 1606 ὄνομα,

117 1620 219 1660 σοφὸς
248 1619 330 1660 ἀνὴρ
359 1618 413 1650 καὶ
442 1619 550 1656 δεινὸς
579 1619 689 1660 εὑρεῖν
716 1619 755 1650 τὰ
784 1618 933 1659 ἀμήχανα
961 1616 1015 1649 καὶ
1040 1619 1129 1661 μόνῳ

76 1682 102 1700 30
116 1677 160 1715 τῷ
190 1675 258 1715 θεῷ
289 1673 452 1714 γνώριμα,
486 1672 522 1710 ὃς
553 1672 881 1714 Ναβουχοδονοσόρῳ
914 1675 958 1713 τῷ
992 1673 1130 1712 βασιλεῖ,

189 1736 202 1765 ξ
218 1735 268 1759 232
285 1746 317 1755 =
333 1733 402 1759 Dan.
418 1733 442 1758 V
459 1736 471 1758 1
