1261 1917
0 0 1261 81 m—{g

158 96 221 127 162
524 97 795 121 ΑΡΧΑΙΟΛΟΓΙΑΣ

155 175 210 207 καὶ
234 175 368 207 πάντων
391 181 457 207 τῶν
476 175 654 217 ἀρχόντων.
696 175 750 207 καὶ
770 175 788 216 ἡ
808 176 918 217 πρώτη
939 175 998 217 μὲν
1018 176 1166 217 ἀναβᾶσα

155 230 275 270 πατριὰ
300 228 425 271 ἐγράφη
449 230 574 270 πρώτη,
603 229 622 269 ἡ
651 227 686 260 δὲ
716 228 852 270 δευτέρα
876 229 1068 266 ἀκολούθως
1091 230 1165 270 ἄχρι

155 288 222 313 τῶν
246 285 347 313 εἴκοσι
371 282 542 324 τεττάρων.
589 281 642 313 καὶ
667 281 830 323 διέμεινεν
854 279 949 319 οὗτος
973 282 989 314 ὁ
1009 283 1165 323 μερισμὸς

154 335 229 376 ἄχρι
254 339 311 375 τῆς
335 336 477 377 σήμερον
501 334 630 376 ἡμέρας.
677 335 784 375 (367)
810 334 940 375 ἐποίησε
969 333 1005 366 δὲ
1031 333 1084 366 καὶ
1108 338 1165 374 τῆς

155 389 330 425 Λευίτιδος
353 390 460 428 φυλῆς
484 391 586 418 εἰκοσι
611 386 691 429 μέρη
716 387 769 419 καὶ
794 386 940 428 τέτταρα,
963 386 1016 418 καὶ
1040 389 1164 428 κληρω-
1180 399 1193 417 5

155 440 306 482 σαμένων
333 441 414 472 κατὰ
442 441 500 472 τὸν
528 440 630 471 αὐτὸν
659 439 824 481 ἀνέβησαν
852 441 974 481 τρόπον
1002 445 1073 476 ταῖς
1098 444 1165 470 τῶν

157 492 271 534 ἱερέων
300 493 495 534 ἐφημερίσιν
520 492 572 534 ἐφ’
598 492 720 534 ἡμέρας
748 493 840 524 ὀκτώ.
887 494 964 530 τοὺς
990 491 1019 524 δ’
1047 493 1165 532 ἀπογό-

155 558 235 583 νους
258 548 335 583 τοὺς
354 545 516 583 Μωυσέος
540 545 702 587 ἐτίμησεν·
728 545 859 586 ε’ποίησε
882 547 945 587 γὰρ
965 545 1085 582 αὐτοὺς
1104 545 1166 586 φύ-

156 602 256 636 λακας
279 604 345 629 τῶν
368 602 549 638 θησαυρῶν
577 603 635 630 τοῦ
659 602 742 630 θεοῦ
769 597 823 629 καὶ
851 604 917 630 τῶν
943 598 1166 639 ἀναθημάτων

156 651 176 682 ἃ
205 651 327 692 συνέβη
356 653 432 688 τοὺς
460 653 604 691 βασιλεῖς
632 651 817 682 ἀναθεῖναι.
869 651 993 688 διέταξε
1022 649 1057 682 δὲ
1087 655 1165 682 πᾶσι
1182 661 1207 680 10

156 710 225 741 τοῖς
245 704 278 735 ἐκ
298 709 355 744 τῆς
372 705 546 741 Λευίτιδος
565 707 672 745 φυλῆς
691 703 744 735 καὶ
764 709 832 741 τοῖς
852 704 974 745 ἱερεῦσι
995 704 1167 734 δουλεύειν

156 758 236 788 κατὰ
252 757 354 788 νύκτα
368 756 422 787 καὶ
442 755 566 798 ἡμέραν
586 762 629 799 τῷ
644 760 723 799 θεῷ,
742 757 854 793 καθὼς
873 756 986 793 αὐτοῖς
1005 755 1167 787 ἐπέστειλε

157 812 314 850 Μωυσῆς.

122 874 137 897 8
225 863 333 902 <363>
361 863 439 903 μετὰ
468 867 569 893 ταῦτα
598 861 760 903 διεμέρισε
788 866 896 893 πᾶσαν
923 862 983 902 τὴν
1012 862 1167 902 στρατιὰν

158 917 204 952 είς
229 916 355 946 δώδεκα
380 916 496 955 μοίρας
519 916 581 946 σὺν
605 915 739 955 ἡγεμόσι
764 914 817 946 καὶ
841 914 1090 956 ἑκατοντάρχοις
1113 913 1166 945 καὶ
1183 924 1207 943 15

157 968 350 1009 ταξιάρχοις.
397 966 461 1008 εἶχε
484 966 513 998 δ’
537 966 652 1007 ἑκάστη
672 973 738 999 τῶν
757 974 882 1008 μοιρῶν
902 968 1096 1008 δισμυρίους
1115 966 1165 998 καὶ

157 1022 451 1061 τετρακισχιλίους,
475 1018 522 1051 ὧν
547 1020 694 1052 ἐκέλευσε
718 1021 952 1062 προσεδρεύειν
975 1021 1055 1051 κατὰ
1079 1019 1168 1060 τριά-

158 1073 254 1105 κονθ’
276 1073 398 1114 ἡμέρας
422 1073 484 1104 ἀπὸ
508 1078 565 1113 τῆς
589 1074 717 1114 πρώτης
742 1073 801 1110 ἕως
825 1078 881 1113 τῆς
904 1073 1044 1113 ὑστάτης
1064 1074 1168 1104 Σολο-

159 1132 243 1167 μῶνι
260 1131 304 1169 τῷ
324 1128 453 1167 βασιλεῖ
471 1128 533 1157 σὺν
552 1132 620 1163 τοῖς
640 1126 820 1167 χιλιάρχοις
839 1124 892 1156 καὶ
913 1124 1168 1165 ἑκατοντάρχοις.

159 1180 266 1219 (369)
295 1178 469 1219 κατέστησε
503 1178 537 1210 δὲ
567 1178 619 1210 καὶ
649 1180 790 1220 ἄρχοντα
819 1178 954 1218 ἑκάστης
981 1180 1098 1219 μοίρας
1130 1177 1169 1208 ὃν
1184 1167 1209 1206 τὸ

160 1232 290 1272 ἀγαθὸν
309 1231 380 1273 ᾔδει
400 1231 453 1262 καὶ
474 1232 612 1270 δίκαιον,
636 1231 830 1273 ἐπιτρόπους
850 1244 881 1263 τε
902 1238 968 1263 τῶν
987 1234 1168 1272 θησαυρῶν

159 1284 213 1316 καὶ
241 1290 360 1325 κωμῶν
390 1284 442 1315 καὶ
472 1284 583 1326 ἀγρῶν
611 1286 745 1323 ἄλλους,
778 1283 830 1315 καὶ
860 1290 1002 1324 κτηνῶν,
1035 1281 1081 1315 ὧν
1110 1282 1170 1314 οὐκ

160 1337 340 1377 ἀναγκαῖον
363 1337 534 1378 ἡγησάμην
557 1341 746 1377 μνησθῆναι
770 1343 836 1368 τῶν
861 1337 1039 1378 ὀνομάτων.

125 1401 140 1424 9
228 1390 332 1429 <370>
354 1390 397 1427 ὡς
417 1389 446 1420 δ’
469 1389 585 1421 ἕκαστα
609 1390 735 1420 τούτων
756 1390 835 1421 κατὰ
855 1391 912 1421 τὸν
931 1387 1169 1430 προειρημένον

162 1442 285 1480 διέταξε
310 1444 442 1484 τρόπον,
467 1444 513 1479 εἰς
537 1442 710 1482 ἐκκλησίαν
734 1441 935 1482 συγκαλέσας
959 1443 1035 1479 τοὺς
1054 1443 1169 1483 ἶὶρχον-
1184 1451 1209 1470 25

161 1508 218 1532 τας
241 1501 307 1526 τῶν
327 1495 488 1536 Ἑβραίων
516 1495 568 1526 καὶ
597 1497 674 1532 τοὺς
702 1495 892 1536 φυλάρχους
920 1494 973 1526 καὶ
998 1496 1074 1531 τοὺς
1097 1494 1169 1534 ἡγε-

162 1550 264 1589 μόνας
287 1554 353 1579 τῶν
377 1548 570 1589 διαιρέσεων
597 1547 650 1578 καὶ
675 1550 751 1585 τοὺς
780 1548 830 1579 ἐπὶ
855 1548 959 1588 πάσης
982 1548 1127 1588 πράξεως
1150 1547 1169 1587 ἢ

161 1602 303 1640 κτήσεως
317 1605 376 1632 τοῦ
391 1600 550 1641 βασιλέως
564 1600 790 1641 τεταγμένους,
805 1601 882 1637 στὰς
897 1599 948 1640 ἐφ’
962 1600 1170 1640 ὑψηλοτάτου

162 1654 305 1694 βήματος
324 1654 340 1685 ὁ
359 1655 512 1694 βασιλεὺς
531 1653 615 1690 ἔλεξε
635 1655 715 1694 πρὸς
734 1654 770 1684 τὸ
790 1656 918 1693 πλῆθος
938 1654 1045 1692 <371>
1065 1652 1169 1684 “ἀδελ-

162 1705 220 1747 φοὶ
245 1705 297 1737 καὶ
323 1706 506 1747 ὁμοεθνεῖς,
530 1706 704 1746 γινώσκειν
727 1706 811 1747 ὑμᾶς
835 1707 994 1746 βούλομαι
1020 1706 1068 1736 ὅτι
1088 1706 1169 1736 ναὸν
1184 1714 1210 1733 30
1231 1724 1234 1741 .

234 1770 248 1797 ξ
269 1770 319 1792 366
340 1780 372 1788 =
394 1770 406 1791 1
423 1766 513 1792 Paral.
532 1766 620 1792 XXIV
636 1769 660 1792 5.
734 1769 748 1798 ξ
769 1769 819 1792 368
841 1779 873 1787 =
895 1769 906 1791 1
923 1766 1013 1792 ParaL
1033 1766 1134 1791 XXVII
1146 1769 1168 1792 1.
1229 1774 1236 1808 ὲ,
