1261 1917
526 39 671 63 AEKATH
1041 36 1105 68 353

89 119 204 159 φεύγει
229 119 312 159 πρὸς
330 118 388 149 τὸν
412 123 478 149 τῶν
496 117 702 159 Ἀμμανιτῶν
725 117 875 158 βασιλέα,
901 118 1009 158 (175)
1034 118 1051 149 ὁ
1072 117 1102 149 δ’

87 171 239 212 Ἰωάννης
266 171 466 211 παραλαβὼν
495 171 553 208 οὓς
581 170 746 202 ἀνέσωσεν
777 170 812 202 ἐκ
840 176 906 202 τῶν
931 170 1105 212 Ἰσμαήλου

88 230 208 266 χειρῶν
235 223 287 255 καὶ
316 225 393 261 τοὺς
421 224 602 265 εὐνούχους
629 222 682 255 καὶ
711 224 769 260 τὰς
797 229 955 263 γυναῖκας
982 222 1036 255 καὶ
1065 224 1104 255 τὰ

88 279 199 318 νήπια,
223 279 270 314 εἵς
292 288 366 308 τινα
389 277 492 308 τόπον
511 276 656 317 ΔΜάνδρα
676 277 856 317 λεγόμενον
879 277 1104 317 παραγίνεται.

61 339 72 359 5
87 330 140 362 καὶ
165 330 224 370 τὴν
244 327 304 371 μὲν
324 328 448 370 ἡμέραν
469 328 597 370 ἐκείνην
617 328 792 370 ὑπέμεινεν
812 328 944 369 αὐτόθι,
968 330 1104 368 διεγνώ-

86 392 186 414 κεσαν
210 381 240 414 δ’
263 382 392 414 ἐκεῖθεν
411 383 550 423 ἄραντες
570 383 616 420 εἰς
635 385 808 422 Αἴγυπτον
830 381 954 419 ἐλθεῖν,
978 383 1103 422 φοβού-

86 447 178 477 μενοι
207 435 250 476 μὴ
280 437 453 466 κτείνωσιν
481 435 602 472 αὐτοὺς
630 436 664 466 οί
688 435 898 475 Βαβυλώνιοι
927 436 1103 475 μείναντας

87 489 122 520 ἐν
145 493 183 530 τῇ
207 489 307 530 χώρα,
332 487 413 528 ὑπὲρ
436 489 466 519 Γ
463 489 579 520 οδολία
602 493 661 520 τοῦ
685 487 949 525 κατασταθέντος
968 486 1023 519 ὑπ’
1046 487 1103 519 αὐ-

86 547 152 574 τῶν
178 541 336 583 ἡγεμόνος
360 540 574 582 ὀργισθέντες
597 540 858 582 πεφονευμένου.

46 603 72 623 10
153 596 260 635 <176>
286 596 392 626 ὄντων
416 593 446 625 δ’
473 593 525 626 ε’πὶ
554 595 674 635 ταύτης
697 599 754 635 τῆς
779 596 902 634 βουλῆς
925 594 1103 635 προσίασιν
1123 604 1138 628 6

81 650 219 690 Ἱερεμίᾳ
250 652 294 690 τῷ
324 648 477 689 προφήτῃ
502 646 657 688 Ἰωάννης
687 647 704 679 ὁ
734 652 793 679 τοῦ
822 646 955 687 Καρέου
985 646 1039 678 καὶ
1071 647 1106 678 οἶ

84 701 242 741 ἡγεμόνες
271 701 305 731 οἱ
331 702 394 731 σὺν
422 700 524 742 αὐτῷ,
555 703 822 741 παρακαλοῦντες
852 700 1015 740 δεηθῆναι
1043 704 1103 731 τοῦ

85 757 168 785 θεοῦ
188 753 275 790 ὅπως
295 753 521 794 ἀμηχανοῦσιν
545 753 658 790 αὐτοῖς
677 752 751 793 περὶ
774 757 832 784 τοῦ
852 755 886 784 τί
902 753 963 794 χρὴ
983 758 1102 791 ποιεῖν,

85 805 172 838 τοῦτ’
204 807 317 843 αὐτοῖς
346 806 526 845 ὑποδείξει,
561 806 740 847 ὀμόσαντες
770 807 922 846 ποιήσειεν
954 806 971 837 ὅ
999 818 1030 836 τι
1061 805 1102 836 ἂν

46 868 70 887 15
85 860 198 897 αὐτοῖς
226 859 243 891 ὁ
264 858 419 900 Ἱερεμίας
447 862 530 900 εἴπῃ.
577 860 693 899 <177>
724 858 951 900 ὑποσχομένου
980 857 1016 890 δὲ
1042 863 1102 890 τοῦ

84 914 257 953 προφήτου
287 913 495 952 διακονήσειν
524 912 636 949 αὐτοῖς
663 913 746 952 πρὸς
770 913 828 943 τὸν
852 913 949 951 θεόν,
978 911 1100 952 συνέβη

84 966 163 1007 μετὰ
188 964 265 996 δέκα
292 964 411 1006 ἡμέρας
435 964 523 1007 αὐτῷ
548 964 695 1005 φανέντα
723 965 782 996 τὸν
806 965 888 995 θεὸν
915 965 1021 996 εἰπεῖν
1045 965 1102 1004 δη-

84 1022 184 1050 λῶσαι
213 1017 348 1059 Ἰωάννῃ
381 1016 434 1048 καὶ
463 1023 532 1055 τοῖς
564 1019 677 1055 ἄλλοις
710 1018 841 1059 ἡγεμόσι
876 1017 930 1049 καὶ
961 1022 1005 1060 τῷ
1033 1021 1101 1060 λαῷ

83 1071 181 1104 παντὶ
207 1072 256 1103 ὅτι
280 1071 417 1112 μένουσι
441 1069 501 1111 μὲν
525 1071 638 1108 αὐτοῖς
662 1071 697 1102 ἐν
722 1071 829 1112 ἐκείνῃ
849 1076 886 1112 τῇ
906 1071 996 1113 χώρα
1019 1082 1102 1112 παρ-

45 1134 70 1152 20
84 1125 174 1157 ε’σται
198 1124 251 1156 καὶ
276 1126 439 1166 πρόνοιαν
461 1124 525 1162 ἕξει
554 1123 607 1156 καὶ
631 1125 764 1165 τηρήσει
788 1125 876 1165 παρὰ
900 1130 968 1155 τῶν
991 1126 1101 1165 Βαβυ-

84 1180 214 1210 λωνίων
247 1178 306 1215 οὓς
339 1178 488 1209 δεδίασιν
521 1177 677 1217 ἀπαθεῖς,
711 1176 956 1218 πορευομένους
989 1175 1018 1207 δ’
1054 1178 1101 1214 εἰς

84 1234 255 1271 Αἴγυπτον
284 1230 454 1267 ἀπολείψει
485 1229 539 1262 καὶ
568 1234 669 1261 ταῦτα
698 1230 852 1270 διαθήσει
881 1229 1052 1270 ὀργισθεὶς
1080 1230 1100 1261 ἃ

83 1283 137 1315 καὶ
162 1285 238 1321 τοὺς
261 1283 427 1324 ἀδελφοὺς
451 1283 561 1315 αὑτῶν
581 1284 770 1324 ἔμπροσθεν
790 1284 900 1314 οἴδατε
920 1284 1099 1320 παθόντας.

85 1337 192 1377 <1ἶ8>
216 1335 305 1367 ταῦτ’
333 1336 434 1367 εἰπὼν
458 1340 502 1378 τῷ
523 1335 658 1377 Ἰωάννῃ
686 1335 740 1367 καὶ
769 1340 813 1378 τῷ
842 1338 909 1378 λαῷ
936 1336 994 1367 τὸν
1017 1336 1100 1367 θεὸν

45 1399 69 1418 25
84 1390 197 1427 αὐτοῖς
225 1388 399 1429 προλέγειν
423 1389 440 1420 ὁ
464 1390 635 1430 προφήτης
663 1389 723 1420 οὐκ
749 1388 934 1420 ἐπιστεύετο
960 1388 1004 1425 ὡς
1026 1388 1096 1420 κατ’

84 1442 221 1483 ἐντολὴν
241 1443 300 1482 τὴν
320 1442 448 1474 ἐκείνου
467 1441 579 1483 μένειν
599 1442 720 1479 αὐτοὺς
739 1441 775 1473 ἐν
794 1446 832 1482 τῇ
852 1441 942 1483 χώρᾳ
963 1442 1099 1481 κελεύει,

83 1497 298 1537 χαριζόμενον
322 1494 357 1526 δὲ
383 1496 542 1538 Βαρούχῳ
571 1500 616 1538 τῷ
641 1496 715 1538 ἰδίῳ
744 1497 875 1536 μαθητῇ
899 1495 1099 1531 καταψεύδε-

84 1552 163 1580 σθαι
188 1547 248 1590 μὲν
272 1553 331 1580 τοῦ
354 1552 453 1586 θεοῦ,
477 1551 609 1580 πείθειν
634 1546 669 1579 δὲ
694 1547 806 1588 μένειν
830 1547 964 1587 αὐτόθι,
989 1547 1034 1584 ὡς
1057 1547 1098 1578 ἂν

84 1602 146 1633 ὑπὸ
169 1608 235 1633 τῶν
255 1603 481 1643 Βαβυλωνίων
501 1602 724 1643 διαφθαρῶσι.
762 1601 868 1640 <179>
887 1601 1098 1640 παρακούσας

43 1664 68 1682 30
83 1652 144 1686 οὖν
165 1655 181 1686 ὅ
197 1666 229 1686 τε
249 1655 328 1692 λαὸς
346 1653 397 1686 καὶ
420 1655 437 1686 ὁ
455 1653 608 1694 Ἰωάννης
626 1658 683 1694 τῆς
702 1658 761 1685 τοῦ
781 1657 864 1685 θεοῦ
884 1655 1098 1694 συμβουλίας,

154 1718 168 1746 ξ
186 1717 235 1740 175
252 1728 284 1737 =
299 1715 395 1741 Ierem.
410 1714 522 1740 XLVIII
539 1718 578 1741 14.

137 1764 261 1783 Ioszpnrs.
283 1764 314 1782 ΙΙ,
902 1760 936 1783 ‘23
