1261 1917
488 44 638 69 EBAOMH
1006 42 1066 73 111

54 124 71 156 ὁ
95 129 161 155 τῶν
186 123 347 165 Ἐβραίων
376 125 531 165 βασιλεὺς
559 124 659 156 πάλιν
689 122 738 156 ἐπ’
765 124 867 155 αὐτὸν
895 125 972 161 τοὺς
997 122 1069 165 Ἀμ-

53 179 190 219 μανίτας
218 178 382 218 τοσαύτην
406 178 550 218 δύναμιν
574 179 851 219 συνηθροικότας,
876 176 985 208 οὐκέτι
1015 178 1070 208 διὰ

53 235 245 271 στρατηγῶν
274 230 386 268 αὐτοῖς
413 234 569 272 πολεμεῖν
600 232 743 272 ἔκρινεν,
777 229 848 261 ἀλλ’
880 230 979 267 αὐτὸς
1007 231 1070 261 σὺν

53 283 162 324 ἁπάσῃ
185 288 223 325 τῇ
252 284 392 325 δυνάμει
422 284 539 325 διαβὰς
566 284 624 315 τὸν
646 282 816 325 Ἰορδάνην
844 284 992 324 ποταμὸν
1015 282 1069 314 καὶ

27 336 243 376 δῦπαντήσας
271 337 398 375 αὐτοῖς,
433 337 584 374 συνάψας
612 338 658 374 εἰς
691 336 798 377 μάχην
826 335 964 376 ἐνίκησε.
1015 334 1068 367 καὶ

53 389 185 430 ἀναιρεῖ
210 388 271 430 μὲν
299 390 409 421 αὐτῶν
432 392 537 428 πεζῶν
565 388 626 431 μὲν
657 391 704 427 εἰς
728 389 882 431 τέτταρας
905 389 1070 430 μυριάδας

54 441 179 473 ι’ππέων
203 441 233 473 δ’
256 443 303 480 είς
327 442 600 484 ἑπτακισχιλίους,
624 444 744 484 ἔτρωσε
765 441 800 474 δὲ
820 441 874 473 καὶ
894 443 953 473 τὸν
973 450 1069 482 στρα-

53 496 154 535 τηγὸν
181 500 240 527 τοῦ
270 498 407 537 Χαλαμᾶ
438 496 603 537 Σάβεκον,
631 496 668 533 ὃς
696 495 730 527 ἐκ
758 500 815 536 τῆς
843 498 969 536 πληγῆς
993 494 1069 526 ἀπέ-

52 551 167 579 θανεν.
198 549 306 589 <129>
323 550 356 580 οἱ
370 548 406 580 δὲ
422 551 704 590 ιΜεσοποταμῖται,
719 550 872 581 τοιούτου
888 547 1071 590 γενομένου

15 612 39 632 ιο
53 605 111 632 τοῦ
135 601 250 639 τέλους
273 606 330 642 τῆς
354 602 472 643 μάχης,
502 603 623 640 αὑτοὺς
646 603 778 643 Δαυίδῃ
802 601 991 643 παρέδοσαν
1014 600 1067 632 καὶ

52 654 142 695 δῶρα
171 656 319 696 ἔπεμψαν
348 656 445 698 αὐτῷ.
492 655 546 687 καὶ
575 656 592 687 ὃ
621 655 681 697 μὲν
711 657 780 698 ὥρᾳ
807 661 968 697 χειμῶνος
996 653 1069 686 ἀνέ-

52 713 193 747 στρεψεν
208 709 255 746 εἰς
270 707 491 750 Ἱεροσόλυμα,
511 708 696 751 ἀρχομένου
712 708 748 740 δὲ
763 713 822 740 τοῦ
838 710 933 750 ἔαρος
949 709 1070 749 ἔπεμψε

52 761 110 791 τὸν
134 760 395 803 ἀρχιστράτηγον
417 761 552 803 Ἰώαβον
575 763 805 803 πολεμήσοντα
830 767 898 798 τοῖς
915 760 1068 802 Ἀμμανί-

52 825 131 850 ταις.
184 814 201 845 ὃ
230 813 266 845 δὲ
296 816 356 855 τήν
384 827 418 846 τε
451 820 514 855 γῆν
547 816 677 846 ἅπασαν
710 815 820 846 αὐτῶν
854 814 1070 855 ἐπερχόμενος

13 878 37 897 15
53 866 240 908 διέφθειρε,
269 866 323 898 καὶ
348 867 469 904 αὐτοὺς
494 869 540 904 εἰς
563 868 623 908 τὴν
647 869 850 908 μητρόπολιν
874 868 1070 907 συγκλείσας

48 918 214 960 Ῥαβαθὰν
237 919 430 961 ἐπολιόρκει.

118 973 227 1013 <13Ο>
257 972 415 1004 συνέπεσε
449 972 485 1004 δὲ
517 972 571 1004 καὶ
600 975 733 1015 Δαυίδῃ
766 979 910 1014 πταῖσμα
945 974 1067 1013 δεινόν,

52 1027 123 1058 ὄντι
148 1026 247 1066 φύσει
272 1026 388 1069 δικαίῳ
413 1025 467 1057 καὶ
487 1028 643 1067 θεοσεβεῖ
659 1026 712 1058 καὶ
735 1028 812 1064 τοὺς
831 1028 991 1067 πατρίους
1013 1027 1068 1057 νό-

52 1091 134 1120 μους
169 1080 312 1120 ἰσχυρῶς
350 1079 560 1120 φυλάττοντι.
615 1080 822 1121 θεασάμενος
858 1081 920 1121 γὰρ
959 1080 1070 1119 δείλης

16 1142 41 1161 20
54 1132 152 1169 ὀψίας
174 1132 238 1164 ἀπὸ
262 1137 321 1164 τοῦ
341 1132 457 1173 τέγους
475 1139 542 1164 τῶν
562 1135 738 1174 βασιλείων
759 1132 810 1173 ἐφ’
834 1130 859 1176 ᾦ
877 1138 1069 1174 περιπατεῖν

51 1184 121 1216 κατ’
149 1184 255 1216 ε’κεῖνο
279 1190 337 1226 τῆς
361 1186 448 1227 ὥρας
472 1184 513 1227 ἧν
538 1187 626 1225 ἔθος,
652 1183 745 1226 [εἶδε]
768 1191 908 1226 γυναῖκα
933 1185 1069 1227 λουομέ-

52 1250 115 1278 νην
135 1237 171 1269 ἐν
190 1243 227 1279 τῇ
247 1239 348 1279 αὑτῆς
367 1240 454 1281 οἰκία
473 1244 589 1282 ψυχρῷ
608 1239 716 1277 ὕδατι,
735 1241 913 1279 καλλίστην
927 1240 963 1270 τὸ
981 1236 1070 1276 εἶδος

52 1290 105 1322 καὶ
130 1297 245 1322 πασῶν
269 1291 509 1334 διαφέρουσαν·
534 1294 638 1334 ὄνομα
663 1292 693 1324 δ’
718 1293 800 1334 αὐτῇ
823 1290 865 1333 ἦν
886 1293 1068 1333 Βεερσαβή·

52 1343 185 1384 ἡττᾶται
209 1348 268 1375 τοῦ
292 1344 434 1382 κάλλους
457 1350 514 1386 τῆς
538 1347 705 1385 γυναικός,
730 1344 784 1376 καὶ
808 1349 866 1385 τῆς
890 1344 1070 1386 ἐπιθυμίας

14 1403 184 1438 εὸκρατεῖν
212 1397 253 1428 οὐ
282 1398 476 1439 δυνάμενος,
505 1399 796 1440 μεταπεμψάμενος
825 1398 929 1438 αὐτὴν
953 1398 1069 1439 συνέρ-

52 1462 150 1492 χεται.
198 1452 307 1492 <131>
336 1452 514 1493 γενομένης
545 1451 575 1483 δ’
602 1451 722 1493 ἐγκύου
749 1456 808 1492 τῆς
835 1453 992 1492 γυναικὸς
1014 1451 1069 1483 καὶ

52 1504 223 1545 πεμψάσης
246 1506 329 1546 πρὸς
348 1506 406 1536 τὸν
426 1505 573 1546 βασιλέα,
597 1505 685 1542 ὅπως
704 1509 748 1548 τῷ
768 1504 973 1545 ἁμαρτήματι
998 1504 1069 1536 σκέ-

53 1560 154 1598 ψηταί
179 1570 254 1589 τινα
285 1563 344 1590 τοῦ
377 1562 496 1590 λαθεῖν
525 1559 606 1591 ὁδόν
639 1558 839 1601 (ἀποθανεῖν
868 1558 931 1598 γὰρ
965 1557 1069 1598 αὐτὴν

53 1612 132 1642 κατὰ
155 1613 233 1649 τοὺς
261 1613 420 1653 πατρίους
447 1613 608 1653 καθήκειν
636 1613 759 1653 νόμους
782 1609 1069 1652 μεμοιχευμένην),

0 1672 1 1679 ’
16 1670 41 1691 ³⁰
54 1668 279 1704 μετακαλεῖται
298 1666 356 1697 τὸν
373 1664 509 1706 Ἰωάβου
529 1664 590 1707 μὲν
604 1665 796 1706 ὁπλοφόρον
816 1663 850 1696 ἐκ
865 1669 922 1705 τῆς
935 1667 1069 1705 πολιορ-

125 1727 206 1757 §128
226 1739 259 1747 =
279 1729 293 1743 ‘³
314 1725 382 1759 Reg.
402 1726 427 1751 X
444 1729 484 1752 17.
