1261 1917
78 630 100 649 10

78 896 101 914 15

77 1161 102 1180 20

80 1692 105 1711 ³0

574 63 669 87 EKTH
1085 62 1126 92 21

115 142 302 184 εὐξαμένων
322 149 387 174 τῶν
406 143 567 184 πατέρων,
588 142 688 184 χωρὶς
708 142 867 184 βασιλέως
886 142 1048 184 παρέσχεν
1072 143 1129 174 αὐ·

116 202 183 233 τοῖς
203 196 368 237 ῥύσασθαι
390 201 446 237 τῆς
466 196 609 236 ἀνάγκης
629 197 664 227 τὸ
684 199 823 236 πλῆθος,
847 198 999 237 Μωυσῆν
1018 196 1130 233 αὐτοῖς

115 248 168 280 καὶ
195 248 341 290 Ἀαρῶνα
374 249 503 291 πέμψας
536 249 715 289 ἀδελφούς,
749 251 783 281 οἳ
816 249 938 289 ἤγαγον
971 250 1055 290 ὑμᾶς
1084 250 1130 287 εἰς

116 303 212 342 τήνὸἐ
236 303 296 343 τὴν
320 308 382 344 γῆν
409 303 446 343 ἣν
472 308 533 334 νῦν
561 304 656 343 ἔχετε.
704 303 788 343 (UO)
813 301 867 334 καὶ
896 303 1022 334 τούτων
1050 302 1129 334 ἀπο-

115 357 294 393 λαύσαντες
314 356 348 388 ἐκ
369 361 427 388 τοῦ
447 360 529 388 θεοῦ
548 356 775 397 προδεδώκατε
796 355 856 396 τὴν
875 357 1057 397 θρησκείαν
1076 355 1130 387 καὶ

116 410 175 449 τὴν
199 408 378 450 εὐσέβειαν.
425 409 464 441 οὐ
489 410 554 450 μὴν
577 408 659 440 ἀλλὰ
684 408 736 440 καὶ
766 414 834 446 τοῖς
857 410 1027 449 πολεμίοις
1050 409 1130 441 ὑπο-

115 464 260 503 χειρίους
284 462 523 504 γεγενημένους
547 461 764 502 ἠλευθέρωσε,
787 467 920 502 πρῶτον
940 460 1000 503 μὲν
1018 461 1130 494 Ἀσσυ-

115 518 197 556 ρίων
229 515 283 547 καὶ
316 521 373 556 τῆς
406 515 541 547 ἐκείνων
575 516 687 556 ἰσχύος
721 514 919 556 ὑπερτέρους
947 515 1131 556 ἀπεργασά-

115 581 230 610 μενος,
273 570 381 601 ἔπειτα
417 568 622 610 Ἀμμανιτῶν
663 573 821 609 κρατῆσαι
858 569 1036 610 παρασχὼν
1076 567 1131 600 καὶ

115 624 320 663 ιΜωαβιτῶν,
353 621 406 653 καὶ
440 624 628 653 τελευταῖον
663 624 906 653 Παλαιστινῶν.
951 620 1005 652 καὶ
1038 620 1128 653 ταῦτ’

116 675 156 706 οὐ
180 674 340 716 βασιλέως
361 674 548 715 ἡγουμένου
573 674 804 716 διεπράξασθε,
829 673 900 706 ἀλλ’
919 673 1053 715 Ἰεφθοῦ
1076 673 1131 706 καὶ

119 728 286 765 Γεὸεῶνος
314 728 595 769 στρατηγούντων.
644 728 729 767 <91>
759 729 808 765 τίς
836 725 897 759 οὖν
926 729 1019 769 ἔσχεν
1048 728 1132 769 ὑμᾶς

117 782 223 820 ἄνοια,
248 787 369 821 φυγεῖν
393 779 453 822 μὲν
474 782 531 812 τὸν
551 782 643 821 θεόν,
666 781 730 812 ὑπο
755 780 891 821 βασιλέα
913 779 943 811 δ’
966 778 1050 811 εἶναι
1074 780 1131 812 θέ-

118 837 201 871 λειν;
230 833 301 866 ἀλλ’
329 834 391 874 ἐγὼ
416 832 476 875 μὲν
500 833 653 871 ἀπέδειξα
681 838 801 865 τοῦτον
829 833 868 865 ὃν
897 833 996 871 αὐτὸς
1024 833 1130 865 ἐπελέ-

117 888 205 926 ξατο·
238 888 292 918 ἴνα
321 887 432 928 με’ντοι
461 899 497 927 γε
525 887 672 927 φανερὸν
701 887 779 928 ὑμῖν
807 887 933 927 ποιήσω
963 887 1021 918 τὸν
1049 888 1132 918 θεὸν

117 941 330 982 ὀργιζόμενον
353 939 407 972 καὶ
428 941 687 981 δυσχεραίνοντα
711 945 749 981 τῇ
774 945 830 981 τῆς
849 942 1018 981 βασιλείας
1038 940 1132 981 ὑμῶν

117 993 255 1035 αἱρέσει,
288 994 434 1034 δηλῶσαι
462 992 558 1025 τοῦθ’
589 994 669 1034 ὑμῖν
697 994 755 1025 τὸν
784 994 866 1025 θεὸν
894 992 1132 1035 παρασκευάσω

117 1048 171 1078 διὰ
205 1049 348 1088 σημείων
381 1047 539 1088 ἐναργῶν.
585 1047 602 1078 ὃ
632 1048 693 1087 γὰρ
727 1047 818 1078 οὔπω
841 1045 1010 1089 ζπρότερον
1041 1044 1133 1077 οἶδεν

117 1101 210 1141 ὑμῶν
239 1099 349 1138 οὐὸεὶς
378 1100 524 1132 ἐνταῦθα
549 1099 782 1141 γεγενημένον,
811 1099 934 1141 θέρους
960 1100 1044 1141 ἀκμῇ
1068 1111 1132 1141 χει-

117 1159 225 1194 μῶνα,
253 1154 469 1195 αἰτησάμενος
497 1154 556 1184 τὸν
584 1155 666 1185 θεὸν
693 1152 821 1194 παρέξω
846 1157 942 1184 τοῦτο
966 1157 1030 1184 νῦν
1054 1153 1133 1193 ὑμῖν

118 1206 317 1247 ἐπιγνῶναι.’
365 1207 450 1247 <92>
474 1206 524 1238 καὶ
552 1205 642 1238 ταῦτ’
666 1207 816 1244 εἰπόντος
839 1206 921 1247 πρὸς
945 1206 981 1237 τὸ
1003 1208 1133 1246 πλῆθος

118 1264 176 1291 τοῦ
196 1260 408 1300 Σαμουήλου,
428 1262 583 1301 βρονταῖς
602 1262 753 1301 σημαίνει
773 1261 808 1291 τὸ
826 1263 923 1291 θεῖον
942 1258 995 1290 καὶ
1015 1258 1133 1299 ἀστρα-

118 1319 194 1350 παῖς
221 1312 275 1344 καὶ
304 1313 442 1353 χαλάζης
470 1319 641 1355 καταφορᾷ
674 1314 733 1353 τὴν
767 1318 825 1345 τοῦ
855 1313 1029 1353 προφήτου
1059 1310 1133 1352 περὶ

118 1366 252 1397 πάντων
276 1365 451 1405 ἀληθειαν,
480 1366 524 1403 ὡς
553 1368 799 1407 τεθαμβηκότας
823 1366 942 1402 αὐτοὺς
966 1364 1019 1396 καὶ
1044 1375 1134 1405 περι-

77 1428 89 1446 2
119 1420 203 1456 ὁεεῖς
219 1418 419 1459 γενομένους
434 1419 592 1460 ἁμαρτεῖν
605 1418 640 1450 θ’
654 1419 829 1460 ὁμολογεῖν
844 1418 897 1450 καὶ
913 1417 982 1450 κατ’
995 1418 1135 1458 ἄγνοιαν

119 1473 165 1509 είς
194 1477 290 1504 τοῦτο
314 1478 507 1513 προπεσεῖν,
535 1471 588 1503 καὶ
617 1473 775 1504 ἱκετεύειν
802 1473 861 1504 τὸν
889 1471 1063 1513 προφήτην
1091 1470 1135 1507 ὡς

118 1525 241 1567 πατέρα
270 1527 412 1566 χρηστὸν
441 1524 494 1556 καὶ
524 1525 647 1566 ἐπιεικῆ
682 1527 740 1557 τον
773 1526 856 1557 θεὸν
889 1525 1007 1566 εὐμενῆ
1039 1536 1135 1555 κατα-

119 1583 245 1619 στῆσαι,
269 1577 322 1610 καὶ
342 1579 465 1618 ταύτην
490 1578 623 1619 ἀφεῖναι
649 1579 708 1619 τὴν
728 1578 900 1620 ἁμαρτίαν,
923 1577 965 1618 ἣν
984 1578 1067 1618 πρὸς
1086 1573 1136 1614 οἷς

119 1630 295 1672 ἐξύβρισαν
323 1632 435 1668 ἄλλοις
463 1630 516 1662 καὶ
545 1632 779 1672 παρενόμησαν
809 1630 1135 1671 προσεξειργάσαντο.

120 1685 205 1724 (93)
226 1685 243 1716 ὃ
264 1684 294 1716 δ’
317 1685 522 1726 ὑπισχνεῖται
542 1684 595 1716 καὶ
615 1683 855 1724 παρακαλέσειν
877 1685 935 1715 τὸν
955 1685 1038 1715 θεὸν
1058 1692 1136 1721 συγ·

190 1748 203 1777 ἓ
224 1748 257 1771 90
278 1759 310 1767 =
333 1749 344 1771 1
367 1745 434 1778 Reg.
455 1745 506 1770 XII
525 1749 563 1771 11.
