1261 1917
518 45 641 69 οΓΔοΠ
769 36 772 40 ’
1021 42 1084 74 237

71 123 226 165 κατέσχεν
250 123 310 161 ἕως
334 123 416 155 ἑτῶν
437 127 538 156 εἴκοσι
558 124 611 156 καὶ
632 125 704 164 δύο,
728 122 832 166 μηδὲν
850 125 1001 161 καινίσας
1020 129 1086 155 τῶν

71 178 134 218 πρὸ
165 176 268 208 αὐτοῦ
299 177 462 218 βασιλέων
493 179 523 209 εἰ
552 178 595 218 μὴ
629 177 689 209 ὅσα
722 189 758 217 γε
790 178 873 218 πρὸς
905 178 942 208 τὸ
975 182 1086 218 χεῖρον

71 229 148 262 καθ’
170 230 357 271 ὑπερβολὴν
380 232 541 271 πονηρίας
561 230 748 270 ἐπενόησεν,
772 231 900 261 ἅπαντα
925 229 954 260 δ’
977 230 1086 261 αὐτῶν

72 283 110 315 τὰ
134 284 385 324 κακουργήματα
414 282 467 314 καὶ
495 283 556 323 τὴν
583 284 666 324 πρὸς
694 284 730 314 τὸ
754 286 851 314 θεῖον
876 283 975 324 ὕβριν
1000 282 1086 323 ἐκμι-

45 349 58 369 5
72 336 268 378 μησάμενος,
287 335 339 367 καὶ
361 336 499 377 μάλιστα
519 337 579 376 τὴν
594 335 804 377 Ἱεροβοάμου
826 336 970 376 ζηλώσεις
984 347 1086 375 παρα-

72 390 201 430 νομίαν.
247 390 364 429 <317>
393 388 447 421 καὶ
476 390 538 430 γὰρ
563 386 660 427 οὗτος
688 390 745 426 τὰς
769 389 925 430 δαμάλεις
948 389 1005 426 τὰς
1030 387 1084 420 ὑπ’

73 441 201 474 ἐκείνου
233 444 556 479 κατασκευασθείσας
589 443 829 483 προσεκύνησε,
866 441 920 473 καὶ
959 442 1088 478 τούτοις

72 496 154 527 ἄλλα
182 495 351 537 παράδοξα
381 497 703 536 προσεμηχανήσατο.
751 497 848 536 ἔγημε
879 493 915 526 δὲ
945 493 999 526 καὶ
1032 506 1087 535 γυ-

72 554 179 589 ναῖκα,
203 548 372 589 θυγατέρα
392 547 453 589 μὲν
471 548 652 589 Ἰθωβάλου
672 553 731 580 τοῦ
755 550 887 589 Τυρίων
905 547 960 580 καὶ
980 548 1088 579 Σιδω-

35 614 59 634 10
73 603 155 633 νίων
186 601 359 642 βασιλέως,
390 599 410 643 ἧ
438 601 595 642 Ἰεζαβέλη
627 599 668 642 ἤν
699 603 819 643 ὄνομα,
852 600 909 642 ἀφ’
943 598 982 641 ἧς
1012 602 1089 637 τοὺς

74 655 181 692 ἰδίους
205 654 306 695 αὐτῆς
329 656 431 692 θεοὺς
454 660 655 696 προσκυνεῖν
679 656 812 695 ἔμαθεν.
859 654 967 694 <318>
991 651 1033 694 ἧν
1053 653 1088 684 δὲ

73 708 109 739 τὸ
135 708 274 747 γύναιον
298 708 498 748 δραστήριόν
521 720 555 739 τε
578 706 632 738 καὶ
656 708 832 748 τολμηρόν,
856 708 903 744 εἰς
926 707 1090 746 τοσαύτην

74 759 104 791 δ’
127 760 300 800 ἀσέλγειαν
323 759 376 791 καὶ
402 761 524 800 μανίαν
547 761 734 801 προύπεσεν
759 761 840 791 ὥστε
863 758 917 791 καὶ
940 760 1022 790 ναὸν
1046 764 1090 801 τῷ

79 815 210 854 Τυρίων
238 816 320 855 θεῷ,
350 813 389 844 ὃν
414 815 524 853 Βῆλον
552 814 872 854 προσαγορεύουσιν,
901 811 1089 854 ᾠκοδόμησε

35 877 60 898 15
74 865 127 898 καὶ
152 867 252 903 ἄλσος
275 868 442 897 παντοίων
466 865 615 907 δένδρων
638 866 867 906 κατεφύτευσε.
914 864 1089 905 κατέστησε

75 918 111 951 δὲ
133 918 188 950 καὶ
213 920 311 960 ἱερεῖς
333 918 386 950 καὶ
411 919 689 959 ψευδοπροφήτας
712 919 817 961 τούτῳ
842 922 887 961 τῷ
910 921 989 961 θεῷ.
1035 917 1087 949 καὶ

75 973 172 1010 αὐτὸς
205 971 234 1004 δ’
265 973 282 1004 ὁ
314 974 469 1013 βασιλεὺς
500 974 644 1009 πολλοὺς
676 972 849 1009 τοιούτους
880 970 955 1012 περὶ
989 971 1091 1003 αὑτὸν

75 1023 176 1067 εἶχεν,
204 1025 300 1068 ἀνοίᾳ
328 1025 381 1057 καὶ
410 1027 554 1068 πονηρίᾳ
581 1025 706 1062 πάντας
736 1024 986 1065 ὑπερβεβληκὼς
1014 1025 1091 1061 τοὺς

75 1080 138 1120 πρὸ
163 1079 274 1110 αὑτοῦ.

35 1142 62 1161 20
143 1133 251 1172 <319>
274 1133 445 1173 προφήτης
469 1131 508 1163 δέ
525 1144 574 1169 τις
597 1136 656 1162 τοῦ
676 1132 832 1172 μεγίστου
856 1134 950 1171 θεοῦ,
975 1130 1009 1162 ἐκ
1033 1132 1091 1162 πό-

77 1187 158 1221 λεως
187 1185 361 1225 Θεσβώνης
389 1189 446 1225 τῆς
476 1185 714 1221 Γαλααδίτιδος
742 1185 865 1225 χώρας,
893 1184 1091 1225 προσελθὼν

74 1236 198 1280 Ἀχάβῳ
226 1237 400 1278 προλέγειν
428 1238 516 1280 αὐτῷ
544 1238 603 1269 τὸν
631 1238 713 1268 θεὸν
742 1238 863 1277 ἔφασκε
890 1235 970 1278 μήθ’
996 1236 1091 1268 ὕσειν

77 1290 179 1321 αὐτὸν
203 1290 239 1321 ἐν
263 1290 400 1328 ἐκείνοις
422 1297 492 1328 τοῖς
515 1292 600 1322 ἔτεσι
620 1292 699 1331 μήτε
723 1291 846 1331 δρόσον
867 1289 1092 1331 καταπέμψειν

77 1344 124 1380 εἰς
151 1343 212 1383 τὴν
240 1344 365 1384 χώραν,
394 1345 423 1374 εἰ
450 1344 492 1384 μὴ
522 1343 686 1384 φανέντος
714 1343 826 1375 αὐτοῦ.
876 1342 929 1374 καὶ
963 1343 1092 1380 τούτοις

37 1405 63 1426 25
78 1395 240 1437 ἐπομόσας
264 1396 472 1437 ἀνεχώρησεν
496 1397 543 1434 εἰς
566 1397 605 1428 τὰ
628 1397 711 1438 πρὸς
736 1398 833 1427 νότον
857 1395 954 1437 μέρη,
978 1397 1092 1427 ποιού-

78 1461 175 1490 μενος
198 1450 285 1489 παρὰ
309 1449 473 1492 χειμάρρῳ
495 1448 560 1480 τινὶ
580 1449 641 1489 τὴν
660 1450 845 1489 διατριβήν,
870 1448 902 1486 ἐξ
923 1446 963 1480 οὗ
982 1448 1036 1480 καὶ
1056 1450 1092 1481 τὸ

77 1503 180 1533 ποτὸν
199 1502 277 1542 εἶχε·
298 1503 357 1542 τὴν
376 1503 438 1543 γὰρ
458 1502 587 1543 τροφὴν
606 1502 694 1545 αὐτῷ
715 1500 792 1533 καθ’
814 1500 938 1543 ἡμέραν
957 1503 1093 1543 κόρακες

77 1554 293 1596 προσέφερον.
339 1555 455 1595 <320>
480 1554 768 1596 ἀναξηρανθέντος
797 1554 833 1586 δὲ
859 1560 918 1586 τοῦ
942 1561 1092 1597 ποταμοῦ

80 1606 123 1638 δι’
154 1607 352 1649 ἀνομβρίαν,
385 1609 432 1645 είς
460 1609 626 1649 Σαρεφθὰ
658 1610 756 1640 πόλιν
785 1609 845 1640 οὐκ
872 1609 1009 1640 ἄπωθεν
1037 1614 1094 1650 τῆς

40 1669 66 1689 80
81 1661 231 1698 Σιδῶνος
253 1660 307 1692 καὶ
336 1661 445 1702 Τύρου
471 1660 603 1702 (μεταξὺ
632 1662 693 1702 γὰρ
722 1661 840 1703 κεῖται)
866 1663 1092 1703 παραγίνεται,

152 1724 166 1753 ς
182 1724 232 1747 316
252 1734 285 1743 =
305 1724 320 1746 3
336 1721 403 1754 Reg.
418 1721 481 1747 XVI
497 1724 539 1748 30.

1111 1142 1126 1164 Nl
