1261 1917
149 78 191 109 70
514 76 785 102 ΑΡΧΑΙοΛοΓΙΑΣ

148 159 227 199 μετὰ
251 163 316 189 τῶν
341 155 518 194 ἑξακοσίων
542 158 577 187 οἳ
597 155 670 197 περὶ
695 155 796 186 αὐτὸν
819 152 913 195 ἦσαν,
943 155 1155 195 παραγίνεται

148 212 230 252 πρὸς
251 210 388 252 Ἀγχοῦν
411 211 469 242 τὸν
490 211 605 250 Γίττης
628 207 776 250 βασιλέα·
802 210 859 249 μία
879 207 908 238 δ’
930 205 971 248 ἦν
990 207 1071 247 αὕτη
1092 212 1157 238 τῶν

148 263 245 295 πέντε
268 264 404 295 πόλεων.
451 263 557 303 (320)
582 261 761 303 δεξαμένου
790 260 819 292 δ’
846 260 947 292 αὐτὸν
975 265 1034 292 τοῦ
1065 262 1157 301 βασι-

149 316 231 353 λέως
259 318 320 348 σὺν
350 322 419 353 τοῖς
447 315 586 357 ἀνδράσι
614 314 668 346 καὶ
697 315 813 351 δόντος
841 314 1043 355 οἰκητήριον,
1075 315 1157 354 ἔχων

149 370 214 410 ἅμα
229 368 282 400 καὶ
297 370 354 406 τὰς
369 370 429 400 δύο
450 374 618 408 γυναῖκας,
633 367 767 408 Ἀχιμὰν
782 366 835 398 καὶ
849 366 1027 407 Ἀβιγαίαν,
1043 367 1156 406 διῆγεν
1171 376 1183 395 5

150 422 186 453 έν
205 427 242 463 τῇ
264 424 370 463 Γίττῃ.
404 422 543 464 Σαούλῳ
565 420 601 452 δὲ
620 419 710 452 ταῦτ’
733 420 909 451 ἀκούσαντι
934 420 1030 459 λόγος
1049 418 1154 450 οὐκέτ’

148 473 190 515 ἢν
213 474 352 516 πέμπειν
377 474 424 506 ἐπ’
452 474 553 505 αὐτὸν
576 474 595 514 ἢ
620 474 775 515 βαδίζειν·
802 472 852 510 δὶς
873 473 935 512 γὰρ
960 473 1021 512 ἤδη
1045 473 1157 503 κινδυ-

148 533 263 559 νεῦσαι
287 528 374 569 παρὰ
398 528 515 568 μικρὸν
539 525 587 558 ἐπ’
615 525 726 569 ἐκείνῳ
756 527 949 566 γενόμενον,
981 527 1157 566 συλλαβεῖν

149 581 251 612 αὐτὸν
275 580 514 611 σπουδάσαντα.
561 580 667 619 <321>
690 580 821 619 Δαυίδῃ
846 577 875 609 δ’
903 578 962 610 οὐκ
987 578 1097 615 ἔδοξεν
1122 577 1157 609 ἐν

149 638 187 674 τῇ
216 635 308 664 πόλει
336 639 403 664 τῶν
428 634 553 663 Γιττῶν
581 631 707 672 μένειν,
736 630 806 663 ἀλλ’
834 631 954 671 ἐδεήθη
983 635 1041 662 τοῦ
1066 633 1156 671 βασι·
1173 640 1198 658 10

149 686 231 723 λέως
251 686 360 717 αὐτῶν
379 684 436 725 ἵν’,
457 685 566 725 ἐπειδὴ
586 685 832 725 φιλανθρώπως
851 683 952 714 αὐτὸν
971 683 1157 721 ὑπεδέξατο,

149 738 203 770 καὶ
228 744 323 770 τοῦτο
348 740 529 780 χαρίσηται,
553 739 654 769 τόπον
673 739 746 769 τινὰ
767 742 825 777 τῆς
843 737 950 777 χώρας
969 737 1048 774 δοὺς
1071 737 1158 780 αὐτῷ

150 793 197 829 είς
220 793 421 831 κατοίκησιν·
450 792 618 821 αἰδεῖσθαι
647 790 708 830 γὰρ
738 790 916 830 διατρίβων
941 788 976 820 ἐν
1004 794 1041 831 τῇ
1066 791 1157 821 πόλει

150 845 253 885 βαρὺς
285 844 373 886 αὐτῷ
405 842 458 874 καὶ
494 844 650 883 φορτικὸς
687 840 780 873 εἶναι.
835 842 942 882 <322>
976 843 1090 873 δίδωσι
1125 841 1155 873 δ’

146 896 281 938 Ἀγχοῦς
295 896 383 939 αὐτῷ
398 897 509 936 κώμην
526 896 599 926 τινα
615 896 761 926 Σεκελὰν
776 894 991 935 καλουμένην,
1010 894 1051 935 ἢν
1067 897 1158 936 βασι-
1174 902 1198 921 15

150 950 268 986 λεύσας
292 950 308 981 ὁ
332 950 483 989 Δαυίδης
506 948 641 988 ἀγαπῶν
667 949 753 979 ι”διον
771 952 875 988 κτῆμα
899 947 1050 988 ἐτίμησεν
1074 946 1157 979 εἶναι

149 1001 203 1033 καὶ
228 1003 261 1032 οἱ
282 1002 397 1038 παῖδες
421 1001 532 1032 αὐτοῦ.
560 1001 641 1032 ἀλλὰ
661 999 734 1041 περὶ
759 998 818 1040 μὲν
837 1000 963 1031 τούτων
987 999 1022 1031 ἐν
1046 1001 1158 1038 ἄλλοις

151 1055 352 1095 δηλώσομεν,
377 1054 393 1085 ὁ
419 1053 454 1085 δε
473 1055 591 1095 χρόνος
610 1053 649 1085 ὃν
667 1052 853 1095 κατῴκησεν
872 1053 1022 1093 Δαυιδης
1042 1053 1076 1084 ἐν
1095 1056 1157 1085 Σε-

149 1110 227 1149 κελᾷ
255 1119 312 1147 της
340 1109 577 1147 Παλαιστινης,
611 1105 738 1146 ἐγένετο
769 1110 868 1146 μῆνες
899 1105 1047 1146 τέτταρες
1077 1108 1158 1147 πρὸς

150 1166 221 1197 ταῖς
250 1163 373 1191 εἴκοσιν
405 1159 548 1201 ἡμεραις.
594 1160 701 1199 <323>
735 1158 948 1200 ἐπερχόμενος
981 1157 1016 1190 δε
1049 1159 1159 1201 λαθρᾳ
1174 1166 1199 1184 20

150 1219 219 1250 τοῖς
249 1213 487 1253 πλησιοχώροις
518 1219 583 1244 τῶν
617 1215 864 1249 Παλαιστινῶν,
898 1213 1073 1252 Σερρίταις
1105 1211 1156 1243 καὶ

148 1264 388 1306 Ἀμαληκίταις,
418 1266 593 1307 διήρπαζεν
617 1265 727 1296 αὐτῶν
755 1265 814 1305 τὴν
838 1265 962 1305 χώραν,
990 1263 1042 1295 καὶ
1068 1265 1159 1295 λείαν

150 1319 276 1358 πολλὴν
306 1324 435 1358 κτηνῶν
464 1317 518 1349 καὶ
551 1318 704 1358 καμήλων
736 1318 914 1358 λαμβάνων
942 1315 1158 1358 ὑπέστρεφεν·

151 1371 340 1412 ἀνθρώπων
372 1372 434 1412 γὰρ
466 1371 629 1411 ἀπείχετο,
663 1371 779 1408 δεδιὼς
812 1370 854 1411 μὴ
887 1370 1159 1410 καταμηνύσωσιν

151 1424 253 1456 αὐτὸν
268 1426 349 1465 πρὸς
361 1424 499 1465 Ἀγχοῦν
514 1426 571 1455 τὸν
586 1423 732 1464 βασιλέα,
752 1424 787 1454 τὸ
810 1422 920 1464 μέντοι
940 1434 975 1462 γε
995 1426 1052 1462 τῆς
1071 1423 1159 1459 λείας
1174 1429 1198 1448 25

151 1477 250 1518 μέρος
274 1477 361 1520 αὐτῷ
393 1478 519 1518 δωρεὰν
543 1478 671 1517 ἔπεμπε.
717 1476 825 1515 <324>
850 1480 908 1506 τοῦ
937 1473 972 1506 δὲ
1001 1474 1159 1515 βασιλέως

150 1529 345 1571 πυθομένου
374 1532 461 1561 τίσιν
493 1529 686 1570 ἐπιθέμενος
709 1529 769 1568 τὴν
793 1530 884 1559 λείαν
908 1528 1062 1568 ἀπήλασε,
1091 1534 1159 1564 τοῖς

150 1584 232 1623 πρὸς
256 1583 314 1613 τὸν
338 1584 436 1613 νότον
460 1588 525 1613 τῶν
547 1581 716 1613 Ἰουδαίων
735 1579 966 1621 τετραμμένοις
988 1579 1041 1611 καὶ
1067 1580 1102 1611 ἐν
1121 1585 1158 1621 τῇ

151 1635 281 1666 πεδιάδι
296 1639 506 1666 κατοικοῦσιν
526 1635 626 1665 εἰπὼν
641 1636 748 1665 πείθει
768 1634 826 1664 τὸν
843 1632 979 1674 Ἀγχοῦν
994 1638 1158 1674 φρονῆσαι

152 1688 267 1725 οὕτως·
292 1688 406 1728 ἤλπισε
431 1688 492 1729 γὰρ
512 1684 607 1724 οὗτος
629 1687 677 1718 ὅτι
697 1687 847 1726 Δαυίδης
866 1685 997 1726 ἐμίσησε
1016 1687 1051 1717 τὸ
1072 1687 1159 1717 ι”διον
1173 1694 1199 1712 2⁵⁰
1242 1711 1244 1715 ,

222 1750 236 1779 ξ
254 1751 304 1774 320
325 1761 357 1770 =
380 1751 392 1774 1
409 1747 475 1781 Reg.
497 1747 599 1773 XXVII
614 1750 638 1773 3.
