1261 1917
520 59 617 83 EKTH
1038 55 1055 86 7
1062 55 1078 86 7

67 144 185 172 τοῦτον
218 137 248 170 δ’
280 139 297 170 ὁ
331 139 481 178 Δαυίδης
514 139 593 179 μετὰ
626 144 692 169 τῶν
726 137 904 176 ἑξακοσίων
936 137 1081 169 ὁπλιτῶν

68 193 183 224 εἵπετο.
230 193 338 232 <3ῖ>2>
363 192 565 232 θεασάμενοι
586 190 616 222 δ’
639 191 741 222 αὐτὸν
765 191 799 222 οἵ
819 189 993 231 στρατηγοὶ
1014 195 1081 221 τῶν

68 248 316 284 Παλαιστινῶν,
349 246 456 276 πόθεν
489 247 604 285 εἴησαν
632 245 767 284 ἥκοντες
796 245 830 275 οἱ
852 243 998 285 Ἑβραῖοι
1027 242 1080 274 καὶ

67 301 168 330 τίνων
187 298 396 329 καλεσάντων
417 298 554 339 ἠρώτων
569 299 627 329 τὸν
646 296 792 338 βασιλέα.
839 297 855 327 ὃ
877 295 911 327 δὲ
928 297 1082 335 Δαυίδην

41 353 179 391 εέλεγεν
211 349 313 388 εἶναι,
346 352 404 382 τὸν
432 352 583 392 φυγόντα
608 350 764 382 Σάουλον
793 351 851 381 τὸν
880 349 1000 380 ἑαυτοῦ
1031 350 1083 380 δε-

69 406 202 445 σπότην,
226 404 265 436 ὃν
283 405 365 446 πρὸς
386 405 487 436 αὐτὸν
507 404 650 436 ἐλθόντα
670 403 840 441 δέξασθαι,
864 402 918 434 καὶ
943 407 1006 433 νῦν
1025 407 1083 443 τῆς

68 458 199 499 χάριτος
222 457 364 499 ἀμοιβὴν
389 457 512 489 ἐκτῖσαι
532 459 738 498 βουλόμενον
758 455 811 488 καὶ
831 456 1082 497 τιμωρήσασθαι

68 512 126 542 τὸν
154 511 310 542 Σάουλον
343 516 526 551 συμμαχεῖν
560 510 680 547 αὐτοῖς.
727 510 834 550 <353>
868 508 1022 550 ἐμέμφθη
1051 507 1080 539 δ’

68 564 131 596 ὑπὸ
155 569 222 595 τῶν
250 569 442 604 στρατηγῶν
469 564 576 604 ἄνδρα
604 563 816 604 παρειληφὼς
840 561 891 593 ἐπὶ
916 563 1084 603 συμμαχίᾳ

30 629 55 649 ιο
68 616 236 658 πολέμιον,
260 616 313 648 καὶ
338 616 543 657 ἀποπέμπειν
568 617 823 657 συνεβούλευον,
850 615 892 656 μὴ
917 614 971 646 καὶ
996 615 1083 655 λάθῃ

68 669 150 711 μέγα
180 669 223 701 δι’
250 670 352 701 αὐτὸν
380 671 481 701 κακὸν
509 671 586 707 τοὺς
615 671 734 710 φίλους
763 668 998 710 ἐργασάμενος·
1029 666 1080 698 καὶ

70 723 131 763 γὰρ
157 723 261 760 οὕτως
285 722 371 765 αὐτῷ
396 722 549 763 παρέξειν
572 727 631 753 τοῦ
651 725 894 762 καταλλαγῆναι
914 723 1084 761 πρόφασιν

69 777 151 817 πρὸς
175 777 232 807 τὸν
257 776 429 815 δεσπότην7
453 776 636 806 κακώσαντι
661 775 721 815 τὴν
745 773 906 815 ἡμετέραν
931 774 1083 814 δύναμιν.

69 829 178 869 <354>
211 829 228 860 ὃ
258 829 298 869 δὴ
326 829 554 869 προορώμενοι
584 829 630 865 εἰς
658 829 716 859 τὸν
744 828 860 866 τόπον,
894 826 933 857 ὃν
962 827 1084 857 ἔδωκεν

30 894 55 913 15
70 882 158 925 αὐτῷ
181 887 360 921 κατοικεῖν,
390 880 542 912 ἐκέλευον
566 880 771 921 ἀποπέμπειν
795 881 857 911 σὺν
881 885 950 916 τοῖς
975 878 1083 917 ἑξακον

71 937 155 972 σίοις
179 935 338 971 ὁπλίταις·
372 939 492 965 τοῦτον
516 934 577 975 γὰρ
602 931 686 965 εἶναι
706 933 860 973 Δαυίδην
885 933 924 964 ὃν
944 931 1084 974 ᾄδουσιν

70 989 106 1020 αι’
118 987 281 1028 παρθένοι
296 988 419 1024 πολλὰς
439 987 603 1028 μυριάδας
618 989 854 1018 Παλαιστινῶν
869 985 1084 1017 ἀπολέσαντα.

70 1040 160 1072 ταῦτ’
183 1041 325 1078 ἀκούσας
345 1041 361 1072 ὁ
381 1046 448 1072 τῶν
469 1042 594 1072 Γιττῶν
614 1041 768 1081 βασιλεὺς
790 1038 843 1070 καὶ
867 1042 974 1076 καλῶς
998 1040 1084 1080 εἰρῆ-

71 1098 150 1126 σθαι
181 1094 409 1135 λογισάμενος,
438 1093 577 1130 καλέσας
600 1094 658 1124 τὸν
681 1093 836 1133 Δαυίδην
871 1092 979 1132 (355)
1005 1091 1084 1131 εἐγὼ

32 1158 58 1178 2⁰
71 1146 146 1188 μέν’
167 1144 236 1178 εἶπε
256 1148 427 1188 “μαρτυρῶ
452 1155 503 1178 σοι
528 1146 655 1187 πολλὴν
678 1145 751 1187 περὶ
778 1143 832 1186 ἐμὲ
857 1145 1007 1185 σπουδὴν
1031 1144 1082 1176 καὶ

72 1200 216 1239 εὔνοιαν,
236 1199 289 1231 καὶ
305 1201 358 1231 διὰ
374 1201 471 1231 τοῦτό
496 1208 531 1231 σε
547 1200 718 1240 σύμμαχον
735 1198 914 1239 ἐπηγόμην·
935 1197 975 1229 οὐ
995 1199 1087 1229 δοκεῖ

73 1251 107 1284 δὲ
133 1257 234 1284 ταῦτα
253 1258 322 1290 τοῖς
341 1258 543 1293 στρατηγοῖς.
581 1251 653 1283 ἀλλ’
675 1253 773 1283 ἄπιθι
793 1250 869 1292 μεθ’
893 1250 1018 1292 ἡμέραν
1039 1252 1086 1288 είς

73 1306 112 1337 ὃν
132 1306 238 1337 ἔδωκά
258 1314 310 1337 σοι
330 1307 442 1345 τόπον,
461 1304 564 1346 μηδὲν
582 1306 738 1337 ὑπονοῶν
757 1305 891 1343 ι’ίτοπον,
911 1304 1005 1335 κάκεῖ
1023 1305 1085 1344 φύ-

73 1358 170 1390 λαττέ
188 1370 242 1399 μοι
263 1359 323 1399 τὴν
339 1359 460 1400 χώραν,
480 1359 523 1400 μή
538 1370 625 1395 τινες
645 1359 692 1395 εἰς
711 1357 815 1397 αὐτὴν
834 1363 900 1388 τῶν
919 1358 1086 1398 πολεμίων

33 1422 59 1442 25
74 1411 272 1454 ἐμβάλωσιν·
296 1412 404 1451 <35ίῖ>
425 1413 492 1442 ἔστι
513 1409 547 1442 δὲ
568 1410 618 1442 καὶ
642 1415 738 1441 τοῦτο
761 1411 946 1450 συμμαχίας
965 1409 1085 1450 μέρος.’

138 1464 192 1496 καὶ
217 1466 367 1505 Δαυίδης
391 1464 462 1505 μέν,
486 1465 530 1501 ὡς
554 1463 723 1496 ἐκέλευσεν
748 1464 765 1495 ὁ
789 1469 855 1494 τῶν
879 1464 1005 1494 Γιττῶν
1028 1465 1085 1503 βα-

75 1519 193 1557 σιλεύς,
217 1516 295 1558 ’ἧκεν
319 1520 365 1555 εἰς
390 1518 549 1549 Σεκελάν·
574 1516 651 1548 καθ’
675 1517 713 1548 ὃν
738 1515 773 1548 δὲ
793 1517 909 1557 καιρὸν
930 1515 961 1553 ἐξ
986 1516 1087 1556 αὐτῆς

76 1573 294 1613 συμμαχήσων
314 1577 383 1608 τοῖς
397 1573 635 1608 Παλαιστινοΐς
654 1570 794 1610 ἀπῆλθε,
814 1570 850 1601 τὸ
866 1575 932 1600 τῶν
950 1568 1087 1610 Ἀμαλη-

76 1630 174 1656 κιτῶν
198 1626 297 1662 ἔθνος
321 1624 464 1656 ἐπελθὸν
488 1625 576 1665 αἶρεϊ
598 1624 658 1664 τὴν
683 1623 830 1654 Σεκελὰν
853 1623 933 1654 κατὰ
957 1622 1087 1663 κράτος,

38 1685 64 1705 ³⁰
77 1676 129 1708 καὶ
154 1677 374 1719 ἐμπρήσαντες
402 1677 453 1709 καὶ
484 1678 611 1718 πολλὴν
635 1678 727 1708 λείαν
746 1677 849 1716 ἄλλην
874 1677 908 1707 ἔκ
932 1674 960 1707 τ’
987 1675 1088 1716 αὐτῆς

148 1740 162 1770 ς
177 1740 227 1764 352
248 1751 279 1760 =
302 1741 314 1764 1
330 1738 398 1771 Reg.
419 1738 508 1763 XXIX
523 1741 547 1764 3.
