1261 1917
568 55 665 79 EKTH
1085 52 1126 84 37

181 134 290 174 <166>
310 133 363 165 καὶ
380 135 578 175 Σαμούηλος
597 133 658 175 μὲν
677 134 913 166 ἀπαλλάττεται
932 139 1033 166 ταῦτα
1048 145 1128 174 παρ-

115 186 261 224 αινέσας,
294 189 376 228 πρὸς
409 186 444 219 δὲ
475 189 533 219 τὸν
565 188 719 228 Δαυίδην
752 190 939 229 μεταβαίνει
968 189 1004 219 τὸ
1032 191 1129 219 θεῖον

114 241 294 272 καταλιπὸν
308 241 367 272 τὸν
383 240 547 272 Σάουλον.
585 239 638 271 καὶ
654 240 671 272 ὃ
687 239 747 281 μὲν
762 241 984 281 προφητεύειν
998 241 1129 281 ἤρξατο,

114 298 173 324 τοῦ
201 295 298 325 θείου
326 294 513 335 πνεύματος
545 295 592 331 εἰς
620 293 722 325 αὐτὸν
750 293 1036 335 μετοικισαμένου,
1070 295 1129 325 τὸν

86 358 98 378 ⁵
114 346 270 378 Σάουλον
294 345 330 378 δὲ
355 348 547 388 περιήρχετο
572 347 663 388 παθη
687 348 761 378 τινὰ
781 346 833 378 καὶ
855 348 1010 388 δαιμόνια
1033 358 1128 387 πνιγ-

112 401 194 441 μοὺς
222 399 310 443 αὐτῷ
339 399 392 432 καὶ
423 401 628 441 στραγγάλας
657 400 871 442 ἐπιφέροντα,
904 401 948 438 ὡς
975 402 1052 438 τοὺς
1081 401 1129 432 ιά-

112 454 210 493 τροὺς
233 454 338 494 ἄλλην
365 452 426 495 μὲν
455 453 543 496 αὐτῷ
567 456 750 495 θεραπείαν
778 454 820 495 μὴ
851 453 1010 493 ἐπινοεῖν,
1040 454 1070 485 εἰ
1093 452 1132 485 δέ

112 518 161 543 τις
185 505 274 537 ἐστὶν
299 506 427 548 ἐξᾴδειν
456 507 640 548 δυνάμενος
668 506 721 538 καὶ
750 507 890 545 ψάλλειν
918 506 970 538 ἐπὶ
999 507 1129 549 κινύρᾳ,

112 563 231 591 τοῦτον
255 559 429 591 ἐκέλευσαν
455 561 667 600 ζητήσαντας,
699 559 789 592 ὁπότ’
817 560 904 603 αὐτῷ
933 562 1065 601 προσίοι
1089 561 1129 591 τὰ

74 625 98 644 ιο
113 614 268 654 δαιμόνια
296 612 349 644 καὶ
379 613 546 654 ταριὲττοι,
578 619 687 645 ποιεῖν
719 611 802 655 ὑπὲρ
835 617 980 654 κεφαλῆς
1008 613 1129 645 στάντα

112 666 251 703 ψάλλειν
274 664 327 696 καὶ
357 667 434 703 τοὺς
461 665 588 706 ὕμνους
617 665 788 706 ἐπιλέγειν.
836 667 945 707 <167>
969 666 986 697 ὃ
1011 665 1041 697 δ’
1069 665 1129 698 οὐκ

114 718 285 759 ἠμέλησεν,
300 718 381 750 ἀλλὰ
399 720 564 759 ζητεῖσθαι
580 719 757 760 προσέταξε
772 724 924 751 τοιοῦτον
937 720 1128 760 ἄνθρωπον.

113 773 281 811 φήσαντος
309 771 348 802 δέ
369 783 459 809 τινος
487 772 575 815 αὐτῷ
604 778 670 804 τῶν
693 774 868 814 παρόντων
892 772 928 804 ἐν
952 771 1128 813 Βηθλεέμῃ

112 826 205 856 πόλει
238 828 418 856 τεθεᾶσθαι
450 824 609 856 Ἰεσσαίου
637 824 697 866 μὲν
730 826 821 866 υἶόν,
855 827 902 856 ε”τι
934 826 1036 857 παῖδα
1067 825 1127 866 τὴν

74 890 97 908 15
114 877 257 918 ἡλικίαν,
287 877 429 918 εὐπρεπῆ
460 876 495 909 δὲ
524 876 577 908 καὶ
606 879 722 916 καλόν,
750 879 789 910 τά
813 877 841 910 τ’
868 879 951 910 ἄλλα
981 880 1127 920 σπουδῆς

111 931 204 968 ἄξιον
227 930 280 962 καὶ
305 931 345 971 δὴ
370 930 421 962 καὶ
447 931 585 967 ψάλλειν
610 932 720 963 εἰδότα
741 931 795 963 καὶ
815 931 910 974 ᾄδειν
928 932 1054 973 ὕμνους
1073 931 1126 963 καὶ

110 985 310 1024 πολεμιστὴν
329 985 441 1024 ι’ἕκρον,
461 984 591 1025 πέμψας
609 986 692 1026 πρὸς
711 986 769 1017 τὸν
781 984 939 1017 Ἰεσσαῖον
955 985 1125 1017 ἐκέλευσεν

110 1036 322 1068 ἀποστέλλειν
355 1037 443 1080 αὐτῷ
474 1039 532 1069 τὸν
565 1039 720 1078 Δαυίδην
753 1044 820 1069 τῶν
852 1040 1017 1079 ποιμνίων
1046 1038 1125 1070 ἀπο-

111 1089 291 1121 σπάσαντα·
321 1091 501 1131 βούλεσθαι
534 1092 595 1131 γὰρ
625 1091 727 1123 αὐτὸν
756 1092 855 1130 ι’δεῑν,
886 1091 960 1133 περὶ
988 1096 1046 1132 τῆς
1075 1091 1126 1123 εὐ-

71 1154 96 1172 20
111 1145 254 1183 μορφίας
277 1143 331 1175 καὶ
356 1144 510 1184 ἀνδρείας
534 1144 677 1182 ἀκούσας
703 1150 762 1176 τοῦ
789 1147 972 1177 νεανίσκου.
1018 1146 1127 1186 <168>

111 1195 127 1227 ὁ
153 1194 187 1227 δὲ
210 1195 364 1234 Ἰεσσαῖος
383 1197 501 1238 πέμπει
525 1199 584 1229 τὸν
608 1199 684 1229 υίὸν
707 1197 760 1230 καὶ
781 1199 871 1237 ξένια
894 1200 973 1236 δοὺς
992 1200 1125 1240 κομίσαι

110 1253 153 1291 τῷ
178 1251 328 1293 Σαούλῳ.
368 1250 501 1282 ἐλθόντι
527 1250 556 1282 δ’
580 1251 678 1292 ἥσθη,
701 1250 754 1283 καὶ
774 1253 914 1292 ποιήσας
934 1252 1126 1293 ὁπλοφόρον

110 1302 164 1333 διὰ
184 1303 288 1343 πάσης
308 1301 366 1343 ἦγε
386 1309 488 1345 τιμῆς.
527 1303 657 1345 ἐξῄδετο
678 1305 739 1345 γὰρ
759 1304 815 1336 ὑπ’
838 1305 951 1344 αὐτοῦ,
970 1304 1023 1336 καὶ
1043 1306 1126 1346 πρὸς

110 1356 169 1396 τὴν
197 1357 260 1388 ὑπὸ
290 1363 356 1388 τῶν
385 1358 568 1398 δαιμονίων
597 1359 757 1398 ταραχήν,
786 1357 876 1389 ὁπότ’
908 1358 996 1401 αὐτῷ
1024 1363 1126 1389 ταῦτα

70 1418 95 1437 25
109 1409 301 1450 προσέλθοι,
326 1411 427 1451 μόνος
447 1411 558 1451 ἰατρὸς
578 1408 628 1451 ἧν,
653 1410 759 1451 λέγων
778 1423 811 1442 τε
831 1412 909 1448 τοὺς
927 1411 1053 1452 ὕμνους
1071 1410 1125 1442 καὶ

108 1463 244 1499 ψάλλων
269 1463 304 1494 ἐν
328 1468 366 1505 τῇ
390 1464 509 1506 κινύρα
533 1463 587 1495 καὶ
611 1469 717 1495 ποιῶν
741 1463 806 1505 (ἐν)
828 1463 947 1495 ἑαυτοῦ
972 1466 1125 1504 γίνεσθαι

109 1517 166 1547 τὸν
190 1517 355 1548 Σάουλον.
402 1517 509 1557 <169>
534 1516 652 1558 πέμπει
676 1519 793 1548 τοίνυν
815 1519 897 1558 πρὸς
920 1518 979 1549 τὸν
1002 1517 1125 1558 πατέρα

109 1573 168 1599 τοῦ
195 1570 313 1606 παιδὸς
339 1568 511 1604 Ἰεσσαῖον,
543 1569 635 1601 ἐᾶσαι
664 1569 741 1611 παρ’
768 1570 856 1613 αὐτῷ
885 1572 943 1602 τὸν
971 1571 1125 1611 Δαυίδην

109 1623 263 1654 κελεύων·
280 1623 419 1663 ἣδεσθαι
436 1624 497 1663 γὰρ
513 1623 601 1666 αὐτῷ
618 1623 807 1667 βλεπομένῳ
823 1623 877 1655 καὶ
892 1625 1040 1665 παρόντι.
1067 1625 1126 1655 τὸν

70 1682 96 1701 ³0
110 1673 140 1705 δ’
166 1675 225 1706 οὐκ
249 1676 416 1708 ἀντειπεῖν
436 1681 480 1717 τῷ
505 1677 658 1720 Σαούλῳ,
683 1678 891 1718 συνεχώρησε
912 1675 947 1708 δὲ
967 1677 1124 1718 κατέχειν.

179 1739 193 1768 g
211 1740 258 1763 165
279 1750 311 1759 =
334 1740 346 1763 1
363 1737 431 1770 Reg,
452 1737 515 1763 XVI
532 1741 572 1764 13.
