1261 1917
150 62 217 93 352
525 63 795 87 APXAIOAOFIAZ

150 141 205 173 καὶ
236 144 312 180 τοὺς
342 144 404 174 σὺν
434 143 521 185 αὐτῷ
551 141 803 183 κατακειμένους
835 141 870 173 ἐν
902 147 945 184 τῷ
979 143 1158 185 συμποσίῳ.

150 194 205 226 καὶ
229 196 308 236 μετὰ
331 196 390 236 τὴν
414 197 539 227 τούτων
562 195 732 237 ἀναίρεσιν
756 194 899 232 ἐξελθὼν
920 196 1038 232 νυκτὸς
1058 195 1159 226 ἅπαν-

151 260 208 285 τας
231 249 365 288 φονεύει
389 250 466 285 τοὺς
490 248 525 280 ἐν
548 253 585 289 τῇ
605 249 697 279 πόλει
715 247 894 285 Ἰουδαίους
916 247 970 279 καὶ
994 249 1071 285 τοὺς
1094 248 1158 279 ὑπὸ

151 306 218 332 τῶν
242 303 467 342 Βαβυλωνίων
490 300 771 341 καταλειφθέντας
799 300 834 332 ἐν
862 300 943 342 αὐτῇ
971 306 1036 332 τῶν
1063 308 1158 341 στραυ

151 359 286 385 τιωτῶν.
327 354 435 394 <170>
459 358 497 395 τῇ
522 353 551 384 δ’
575 353 710 395 ἐπιούσῃ
733 355 812 395 μετὰ
837 354 952 394 δώρων
975 351 1056 394 ἧκον
1076 355 1158 394 πρὸς

151 407 210 437 τὸν
230 407 393 437 Γοδολιάν
414 412 479 437 τῶν
498 406 561 437 ἀπὸ
581 410 637 446 τῆς
656 407 762 447 χώρας
781 406 993 446 ὀγδοήκοντα,
1017 406 1158 447 μηδενὸς

151 459 189 490 τὰ
217 458 290 500 περὶ
320 459 421 490 αὐτὸν
450 459 637 499 ἐγνωκότος.
685 459 766 490 ἰδὼν
794 457 823 489 δ’
851 459 970 495 αὐτοὺς
991 457 1158 499 Ἰσμαῆλος

150 514 227 542 εἴσω
256 523 290 542 τε
314 514 407 542 καλεῖ
431 510 502 552 (ὡς)
530 512 612 553 πρὸς
636 512 813 551 Γοδολιάν,
840 510 893 542 καὶ
921 512 1158 552 παρελθόντων

150 564 345 601 ἀποκλείσας
368 564 427 604 τὴν
451 564 555 604 αὐλὴν
575 563 743 604 ἐφόνευσε,
766 563 820 594 καὶ
839 564 877 594 τὰ
897 564 1028 604 σώματα
1048 564 1157 595 αὐτῶν

151 617 198 653 εἰς
217 616 337 648 λάκκον
356 618 429 648 τινὰ
449 617 570 657 βαθύν,
592 617 635 654 ὡς
654 616 695 647 ἂν
715 616 824 656 ἀφανῆ
845 615 984 656 γένοιτο,
1002 618 1157 648 κατεπόν-

150 677 227 700 τισε.
274 670 389 709 <171>
415 670 624 709 διεσώθησαν
652 667 688 700 δὲ
716 674 781 700 τῶν
805 669 1006 709 ὀγδοήκοντα
1032 671 1157 701 τούτων

150 721 284 763 ἀνδρῶν
307 724 341 753 οἳ
358 723 400 763 μὴ
420 724 581 763 πρότερον
600 722 817 763 ἀναιρεθῆναι
837 722 1060 763 παρεκάλεσαν
1079 721 1158 763 πρὶν

150 775 169 814 ἢ
194 776 232 806 τὰ
256 774 461 816 κεκρυμμένα
482 774 517 806 ἐν
536 781 605 812 τοῖς
624 774 737 815 ἀγροῖς
758 774 845 817 αὐτῷ
864 774 1066 815 παραδῶσιν,
1090 776 1157 806 ἔπι-

149 828 214 859 πλα
238 840 271 859 τε
295 827 347 858 καὶ
369 827 491 868 ἐσθῆτα
511 826 564 859 καὶ
584 833 685 858 σῖτον.
727 826 816 858 ταῦτ’
839 827 981 864 ἀκούσας
1005 826 1156 868 ἐφείσατο

150 886 216 911 τῶν
244 880 376 921 ἀνδρῶν
404 881 530 912 τούτων
556 879 736 921 Ἰσμαῆλος,
769 880 876 920 <172>
906 880 964 911 τὸν
993 878 1021 910 δ’
1053 879 1089 910 ἐν
1119 884 1156 921 τῇ

150 935 327 975 Μασφαθᾷ
351 934 432 964 λαὸν
456 935 518 964 σὺν
542 931 671 972 γυναιξὶ
694 931 748 963 καὶ
772 933 902 972 νηπίοις
921 931 1156 973 ᾐχμαλώτισεν·

150 985 186 1016 ἐν
210 981 259 1022 οἷς
282 985 335 1016 καὶ
360 990 418 1017 τοῦ
442 984 601 1026 βασιλέως
625 986 784 1016 Σεδεκιόυ
808 984 1002 1026 θυγατέρας,
1027 985 1064 1022 ἃς
1088 987 1157 1016 Να-

150 1038 375 1079 βουζαρδάνης
399 1039 415 1070 ὁ
440 1044 505 1069 τῶν
530 1039 754 1078 Βαβυλωνίων
783 1038 961 1077 στρατηγὸς
984 1038 1071 1078 παρὰ
1097 1039 1157 1069 Γο-

150 1092 246 1132 δολία
272 1093 506 1122 καταλελοίπει.
557 1095 658 1122 ταῦτα
686 1090 945 1131 διαπραξάμενος
972 1090 1156 1130 ἀφικνεῖται

149 1144 232 1184 πρὸς
255 1144 313 1174 τὸν
334 1143 537 1185 Ἀμμανιτῶν
561 1142 706 1184 βασιλέα.

216 1197 322 1236 <173>
347 1196 489 1233 ἀκούσας
513 1195 543 1227 δ’
567 1195 720 1236 Ἰωάννης
746 1194 799 1226 καὶ
828 1196 863 1226 οἱ
889 1196 950 1226 σὺν
974 1195 1061 1238 αὐτῷ
1085 1195 1157 1235 ἡγε-

150 1250 247 1290 μόνες
275 1250 313 1280 τὰ
342 1248 378 1280 ἐν
404 1253 441 1290 τῇ
468 1251 643 1291 Μασφαθᾷ
670 1247 880 1290 πεπραγμένα
907 1247 962 1280 ὑπ’
987 1247 1157 1289 Ἰσμαήλου

149 1301 202 1332 καὶ
218 1303 276 1333 τὸν
292 1303 453 1333 Γοδολιόυ
468 1302 616 1333 θάνατον
631 1302 869 1342 ἠγανάκτησαν,
888 1300 941 1332 καὶ
959 1303 1036 1338 τοὺς
1052 1301 1158 1338 ἰδίους

149 1355 283 1392 ἕκαστος
302 1355 501 1395 παραλαβὼν
520 1355 654 1392 ὁπλίτας
673 1355 828 1395 ὥρμησαν
847 1354 1085 1395 πολεμήσοντες
1099 1354 1157 1384 τὸν

146 1407 332 1448 Ἰσμαῆλον,
360 1406 412 1438 καὶ
436 1407 744 1448 καταλαμβάνουσιν
773 1407 874 1438 αὐτὸν
901 1408 983 1447 πρὸς
1008 1411 1046 1447 τῇ
1070 1410 1155 1447 πηγῇ
1171 1416 1182 1433 ·2

149 1460 185 1491 ἐν
206 1462 364 1501 Χεβρῶνι.
402 1461 509 1500 <174>
533 1461 567 1491 οἱ
589 1459 618 1490 δ’
641 1458 957 1500 αἰχμαλωτισθέντες
979 1458 1034 1490 ὑπ’
1054 1457 1156 1499 Ἰσμα-

148 1514 231 1553 ήλου
255 1514 312 1544 τὸν
328 1512 484 1553 Ἰωάννην
506 1514 632 1549 ἰδόντες
655 1511 708 1543 καὶ
728 1513 805 1549 τοὺς
823 1512 984 1552 ἡγεμόνας
1003 1511 1156 1551 εὐθύμως

149 1565 362 1605 διετέθησαν,
399 1566 560 1606 βοήθειαν
592 1565 704 1602 αὑτοῖς
736 1564 827 1604 ἥκειν
859 1564 1155 1605 ὑπολαμβάνοντες,

148 1616 201 1648 καὶ
225 1619 457 1654 καταλιπόντες
480 1619 537 1649 τὸν
561 1619 843 1658 αἰχμαλωτίσαντα
867 1617 948 1658 πρὸς
972 1617 1030 1648 τὸν
1049 1615 1156 1647 Ἰωάν-

1173 625 1197 643 10

1174 887 1197 907 15

1184 1414 1195 1433 5

147 1683 210 1711 νην
229 1670 449 1711 ἀνεχώρησαν.
486 1669 653 1711 Ἰσμαῆλος
672 1668 732 1711 μὲν
751 1666 811 1700 οὖν
831 1667 898 1709 μετ7
921 1668 1053 1710 ἀνδρῶν
1073 1669 1155 1700 ὀκτὼ
1170 1678 1197 1696 30

220 1734 234 1762 ξ
251 1733 299 1756 169
316 1743 348 1752 =
363 1730 458 1756 Iercm.
474 1730 585 1755 XLVIII
604 1733 626 1756 1.
