1261 1917
532 35 676 60 ΔΕΚΑΤΗ
1046 32 1109 64 337

96 113 384 156 κατεψηφισμένης
402 115 504 146 αὐτοῦ
524 115 688 152 κολάσεως
706 116 764 147 τὸν
779 113 948 156 Ἱερεμίαν,
975 114 1011 152 ὃς
1030 113 1112 146 ἁπά-

97 176 157 206 σας
180 168 236 205 τὰς
260 168 362 199 αὑτοῦ
391 169 592 209 προφητείας
620 168 908 209 συγγραψάμενος,
936 168 1112 208 νηστεύον-

96 232 152 258 τος
179 225 239 252 τοῦ
268 222 374 262 δήμου
404 219 457 252 καὶ
489 220 755 261 ἐκκλησιάζοντος
784 220 820 252 ἐν
850 226 894 264 τῷ
926 222 1002 264 ἱερῷ
1033 219 1110 262 μηνὶ

97 273 201 316 ἐνάτῳ
221 278 280 305 τοῦ
299 273 447 315 πέμπτου
471 274 565 311 ἔτους
583 278 641 314 τῆς
657 272 828 315 Ἰωακίμου
852 276 1030 314 βασιλείας,
1055 273 1112 304 ιἰν-

67 336 81 355 5
97 326 182 367 έγνω
206 327 266 367 τὴν
289 328 407 367 βίβλον
430 325 472 366 ἣν
495 325 569 367 περὶ
589 332 656 358 τῶν
675 328 864 368 μελλόντων
883 327 1111 368 συμβήσεσθαι

96 384 134 420 τῇ
158 380 251 411 πόλει
275 378 327 410 καὶ
353 384 396 422 τῷ
420 384 489 422 ναῷ
516 378 569 411 καὶ
593 385 662 417 τοῖς
690 381 800 420 ὄχλοις
828 377 870 420 ἧν
898 379 1111 420 συντεταχώς.

97 433 183 473 <94>
207 432 406 469 ἀκούσαντες
430 431 459 463 δ’
485 433 519 463 οἰῗ
542 432 697 473 ἡγεμόνες
721 433 925 474 λαμβάνουσι
950 431 1027 474 παρ’
1055 433 1113 464 αὐ-

95 490 155 517 τοῦ
179 486 215 517 τὸ
235 487 377 526 βιβλίον,
400 484 454 516 καὶ
474 485 667 517 κελεύουσιν
686 485 788 517 αὐτόν
807 498 840 517 τε
859 485 913 517 καὶ
933 487 991 517 τὸν
1011 497 1112 527 γραμ-

97 538 198 579 ματέα
229 538 403 579 Βάρουχον
436 538 585 570 ἐκποδὼν
618 537 755 576 ἑαυτοὺς
787 543 937 579 ποιῆσαι,
970 540 1013 580 μή
1046 548 1112 570 τισι

57 602 82 620 ιο
97 593 191 632 δῆλοι
216 591 390 632 γένωνται·
414 592 450 623 τὸ
475 589 511 623 δὲ
535 593 667 632 βιβλίον
691 591 784 623 αὐτοὶ
805 591 964 632 φέροντες
987 597 1032 635 τῷ
1055 594 1113 633 βα-

96 647 183 676 σιλεῖ
205 645 366 676 διδόασιν.
410 644 427 676 ὃ
452 643 488 675 δὲ
512 645 687 685 παρόντων
710 644 798 688 αὐτῷ
822 650 888 676 τῶν
913 647 1021 686 φίλων
1046 644 1112 676 ἐκέ-

96 701 192 730 λευσε
211 699 270 729 τὸν
289 697 409 729 ἑαυτοῦ
424 697 614 739 γραμματέα
634 699 777 739 λαβόντα
797 698 996 738 ἀναγνῶναι.
1025 698 1112 738 <95>

96 751 239 788 ἀκούσας
267 749 303 782 δὲ
332 756 398 782 τῶν
427 750 463 782 ἐν
491 755 535 793 τῷ
559 752 677 794 βιβλίῳ
706 750 759 782 καὶ
784 750 955 793 ὀργισθεὶς
979 751 996 783 ὁ
1020 753 1113 792 βασι-

96 805 172 841 λεὺς
200 802 352 844 διέρρηξέ
378 815 412 835 τε
440 802 493 835 καὶ
523 805 635 845 βαλὼν
664 805 710 841 εἰς
737 809 803 846 πῦρ
833 804 990 845 ἠφάνισε,
1021 806 1112 845 ζητη-

56 867 80 887 15
98 856 218 894 θέντας
242 855 278 888 ὸὲ
302 858 360 888 τόν
383 856 419 888 θ’
438 855 597 898 Ἱερεμιάν
620 856 673 888 καὶ
694 858 751 888 τὸν
771 856 961 898 γραμματέα
981 857 1112 898 Βάρου-

95 921 155 951 χον
184 909 354 941 ἐκέλευσεν
383 909 528 951 ἀχθῆναι
552 911 634 951 πρὸς
662 910 764 941 αὐτὸν
791 909 1112 951 κολασθησομένους.

95 963 190 1003 <96>
215 960 306 994 οὗτοι
335 961 395 1004 μὲν
424 960 485 994 οὖν
513 963 755 1003 διαφεύγουσιν
783 963 886 995 αὐτοῦ
914 964 974 1004 τὴν
999 964 1113 1005 ὀργήν,

95 1015 163 1057 μετ’
195 1015 234 1047 οὐ
262 1018 369 1048 πολὺν
398 1014 434 1048 δὲ
462 1017 584 1057 χρόνον
613 1016 899 1057 στρατευσάμενον
930 1015 979 1048 ἐπ’
1011 1016 1138 1048 αὐτὸν·

95 1070 154 1101 τὸν
182 1075 248 1100 τῶν
273 1070 499 1110 Βαβυλωνίων
528 1068 664 1110 βασιλέα
694 1068 836 1110 δέχεται,
864 1070 945 1100 κατὰ
973 1071 1009 1101 τὸ
1039 1069 1113 1107 δέος

56 1132 82 1152 20
98 1123 134 1153 τὸ
158 1122 246 1163 παρὰ
271 1128 338 1153 τῶν
356 1121 604 1163 προειρημένων
622 1122 686 1153 ὑπὸ
706 1127 765 1154 τοῦ
784 1124 958 1164 προφήτου
982 1124 1113 1163 τούτου,

96 1172 197 1206 οὐδὲν
221 1176 363 1215 νομίζων
386 1177 560 1207 πείσεσθαι
586 1175 698 1206 δεινὸν
719 1174 791 1216 μήτ’
815 1175 1019 1213 ἀποκλείσας
1034 1177 1113 1217 μήτε

95 1229 289 1269 πολεμήσας.
336 1228 422 1269 <9ῖ>
447 1229 609 1260 εἰσελθὼν
634 1227 663 1259 δ’
689 1229 736 1266 εἰς
760 1228 863 1269 αὐτὴν
887 1229 947 1261 οὐκ
972 1229 1113 1270 ἐφύλαξε

95 1282 152 1318 τὰς
176 1283 314 1321 πίστεις,
343 1281 425 1313 ἀλλὰ
454 1283 531 1319 τοὺς
558 1281 797 1322 ἀκμαιοτάτους
825 1281 879 1313 καὶ
905 1282 1016 1314 κάλλει
1042 1283 1113 1313 δια-

96 1333 260 1374 φέροντας
283 1340 349 1365 τῶν
364 1333 634 1375 Ἱεροσολυμιτῶν
656 1333 825 1366 ἀπέκτεινε
844 1336 923 1376 μετὰ
942 1340 1001 1367 τοῦ
1021 1337 1113 1376 βασι-

56 1397 82 1416 25
97 1386 178 1424 λέως
200 1386 381 1428 Ἰωακίμου,
407 1387 446 1419 ὃν
470 1388 599 1428 ἄταφον
624 1387 772 1419 ἐκέλευσε
796 1388 934 1429 ῥιφῆναι
959 1389 1022 1429 πρὸ
1047 1394 1114 1419 τῶν

97 1446 224 1481 τειχῶν,
248 1441 307 1472 τὸν
327 1439 356 1471 δ’
380 1441 454 1472 υίὸν
473 1440 576 1472 αὐτοῦ
593 1439 765 1482 Ἰωάχιμον
784 1440 959 1481 κατέστησε
978 1441 1114 1482 βασιλέα

97 1497 155 1533 τῆς
179 1493 286 1534 χώρας
305 1492 358 1524 καὶ
378 1498 435 1534 τῆς
454 1495 588 1530 πόλεως.
634 1494 720 1534 <98>
740 1495 818 1532 τοὺς
838 1493 868 1525 δ’
891 1493 927 1525 ἐν
946 1494 1114 1535 ἀξιώματι,

98 1548 300 1587 τρισχιλίους
331 1548 429 1584 ὄντας
456 1547 515 1578 τὸν
546 1546 706 1587 ἀριθμόν,
738 1547 859 1584 αὐτοὺς
889 1547 1115 1588 αἰχμαλώτους

97 1599 209 1639 λαβὼν
232 1599 401 1640 ἀπήγαγεν
425 1600 471 1637 εἰς
495 1600 555 1640 τὴν
575 1601 774 1641 Βαβυλῶνα·
799 1599 835 1631 ἐν
859 1598 895 1631 δὲ
920 1601 1049 1637 τούτοις
1072 1598 1115 1640 ἦν

170 1671 184 1699 ξ
199 1671 232 1695 93
253 1682 285 1691 =
306 1669 400 1695 Ierem.
421 1669 507 1695 XLIII
525 1673 546 1696 1.
639 1672 652 1701 ξ
673 1672 706 1696 96
727 1682 759 1691 --
779 1671 795 1694 4
811 1668 877 1702 Reg.
897 1669 985 1695 XXIV
1000 1672 1024 1695 2.

99 1716 113 1745 ξ
129 1715 162 1739 97
184 1726 217 1734 =
236 1712 333 1739 [erem.
348 1713 425 1739 XXII
443 1716 482 1740 18.

154 1762 279 1782 Iosm’nvs.
302 1763 332 1781 11.
920 1760 952 1783 22
