1261 1917
82 624 106 643 10

85 1683 110 1701 80

555 58 699 82 ΔΕΚΛΤΗ
1069 56 1132 87 36ῖ

120 140 198 180 μετὰ
228 144 294 170 τῶν
321 137 534 169 παλλακίδων
563 138 756 177 διηκονεῖτο.
807 138 923 177 <243>
952 136 1042 169 ταῦτ’
1074 134 1135 169 οὖν

121 192 248 233 ὁρῶντα
272 192 331 223 τὸν
354 191 436 222 θεὸν
465 191 665 231 ὀργισθῆναι
694 190 796 233 αὐτῷ,
825 190 879 222 καὶ
908 191 963 222 διὰ
992 196 1057 222 τῶν
1084 202 1135 230 γε-

121 243 318 286 γραμμένων
341 243 639 284 προκαταγγέλλειν
668 244 714 280 είς
738 239 811 275 οἷον
835 244 937 275 αὐτὸν
960 242 1135 284 καταστρέ-

120 303 179 334 ψαι
204 297 256 328 δεῖ
277 296 378 334 τέλος.
417 296 536 336 ε’δήλου
556 295 592 327 δὲ
613 297 650 327 τὰ
671 296 879 337 γεγραμμένα
899 297 985 328 τάδε.
1023 296 1134 337 (μάνη-

121 351 224 394 τούτῳ
249 349 297 381 δ”
324 351 434 390 ἔλεγεν
455 348 598 380 εἙλλάδι
623 350 748 390 γλώττῃ
768 348 951 390 σημαίνοιτ’
977 349 1019 380 ἂν
1038 349 1135 389 ἀριθ-

120 405 194 444 μός,
223 403 330 443 ὥσπερ
360 407 417 443 τῆς
446 403 527 442 ζωῆς
551 410 612 433 σου
636 403 694 433 τὸν
722 403 844 442 χρόνον
872 401 922 433 καὶ
952 406 1010 442 τῆς
1034 402 1136 443 ἀρχῆς

120 456 304 497 ἠρίθμηκεν
325 456 341 487 ὁ
362 457 451 494 θεός,
475 454 528 486 καὶ
548 456 752 497 περιττεύειν
772 456 818 486 ε”τι
839 463 891 486 σοι
912 456 1039 496 βραχὺν
1060 457 1135 496 χρό-

122 520 189 540 νον.
228 510 336 548 <244>
357 508 468 540 θεκέλ·
494 510 645 549 σημαίνει
665 513 761 539 τοῦτο
782 509 840 539 τὸν
860 509 1018 549 σταθμόν.
1062 509 1136 548 στή-

121 571 180 600 σας
203 559 265 594 οὖν
289 561 361 593 σου’
387 561 473 601 λέγει
499 562 568 592 “τὸν
591 562 714 602 χρόνον
743 566 799 601 τῆς
823 563 991 602 βασιλείας
1016 562 1033 593 ὁ
1057 562 1137 598 θεὸς

122 615 183 655 ἥδη
207 614 478 656 καταφερομένην
505 615 608 654 δηλοῖ.
656 613 772 655 φαρές·
801 613 855 645 καὶ
884 619 980 646 τοῦτο
1009 614 1136 655 κλάσμα

121 669 218 708 δηλοῖ
244 667 321 699 καθ’
349 667 489 699 Ἑλλάδα
518 670 675 707 γλῶτταν.
726 667 838 698 κλάσει
868 672 1046 709 τοιγαροῦν
1076 676 1137 699 σου

121 722 180 762 τὴν
195 722 377 762 βασιλείαν,
396 719 450 752 καὶ
465 721 599 761 Μήδοις
613 721 717 761 αὐτὴν
736 720 790 752 καὶ
807 720 953 762 Πέρσαις
968 720 1136 761 διανεμεῖ.’

187 775 303 814 (245)
332 775 504 814 Δανιήλου
536 772 571 805 δὲ
602 778 703 805 ταῦτα
734 776 908 815 σημαίνειν
936 778 980 816 τῷ
1009 776 1139 814 βασιλεῖ’

122 828 311 868 φράσαντος
339 828 377 858 τὰ
407 827 442 858 ἐν
470 831 514 869 τῷ
539 828 636 869 τοίχῳ
665 826 852 868 γράμματα,
881 827 939 858 τὸν
968 825 1028 867 μὲν
1052 828 1138 858 Βαλ-

96 881 280 921 ῡτάσαρον,
309 875 382 912 οἷον
411 881 497 917 εἰκὸς
524 878 575 920 ἐφ’
603 879 688 911 οὕτω
717 882 871 920 χαλεποῖς
899 885 968 916 τοῖς
996 879 1138 919 δεδηλω-

122 933 248 975 μένοις,
277 934 362 973 λύπη
391 932 444 964 nal
470 934 624 973 συμφορὰ
653 932 846 973 κατέλαβεν,
897 933 982 972 246>
1009 932 1049 964 οὐ
1073 932 1138 973 μὴν

122 987 165 1024 ὡς
190 987 344 1028 προφήτῃ
372 991 481 1017 κακῶν
510 985 597 1028 αὐτῷ
626 985 832 1028 γεγενημένῳ
862 986 918 1022 τὰς
947 985 1072 1026 δωρεὰς
1101 984 1139 1022 ἃς

122 1039 278 1080 ὑπέσχετο
303 1040 423 1070 δώσειν
452 1038 492 1070 οὐ
520 1039 673 1076 δίδωσιν,
703 1039 785 1070 ἀλλὰ
814 1038 920 1075 πείσας
947 1037 1137 1079 παρέσχετο,

122 1094 181 1133 τὴν
205 1091 266 1134 μὲν
288 1091 506 1132 ἠπειλημένην
526 1096 583 1132 τῆς
602 1093 771 1132 βασιλείας
790 1093 987 1132 καθαίρεσιν
1009 1096 1066 1132 τῆς
1084 1103 1139 1123 πε-

81 1156 92 1173 2
121 1145 295 1187 πρωμένης
314 1145 458 1185 ἀνάγκης
478 1144 549 1176 ἀλλ’
571 1143 641 1185 οὐχὶ
665 1149 723 1176 τοῦ
743 1145 1034 1186 προφητεύσαντος
1054 1142 1139 1176 εἶναι

122 1199 351 1240 λογισάμενος,
385 1198 444 1238 τὴν
478 1197 514 1229 δὲ
548 1203 614 1229 τῶν
648 1197 900 1238 ἐπηγγελμένων
934 1196 1140 1239 ἐκπλήρωσιν

121 1254 245 1293 κρίνων
269 1251 390 1292 ἀνδρὸς
414 1251 545 1291 ἀγαθοῦ
569 1250 622 1282 καὶ
647 1252 794 1288 δικαίου,
822 1250 883 1282 κᾶν
908 1248 927 1293 ᾗ
957 1252 1139 1292 σκυθρωπὰ

122 1305 160 1335 τὰ
181 1304 341 1345 μέλλοντα
361 1305 557 1345 συμβαίνειν
576 1303 673 1346 αὐτῷ.
711 1303 764 1335 καὶ
785 1304 801 1335 ὃ
822 1302 882 1344 μὲν
897 1304 1002 1340 οὕτως
1022 1305 1140 1344 ἔκρινε,

121 1358 231 1397 <24Ῑ>
255 1355 322 1398 μετ’
350 1356 390 1388 οὐ
414 1359 521 1388 πολὺν
545 1355 581 1388 δὲ
604 1359 726 1398 χρόνον
751 1357 850 1394 αὐτός
874 1355 901 1387 τ’
930 1356 1060 1397 ἐλήφθη
1085 1355 1139 1387 καὶ

83 1420 93 1437 2
126 1411 141 1451 ἡ
163 1412 267 1449 πόλις,
291 1410 407 1451 Κύρου
426 1414 485 1441 τοῦ
506 1412 647 1450 Περσῶν
667 1409 827 1450 βασιλέως
850 1408 898 1441 ἐπ’
921 1409 1023 1440 αὐτὸν
1044 1418 1139 1450 στρα-

124 1464 308 1500 τεύσαντος.
351 1463 563 1503 Βαλτάσαρος
588 1463 649 1503 γάρ
675 1462 764 1494 ἐστιν
789 1461 841 1503 ἐφ’
864 1460 904 1493 οὗ
928 1463 988 1502 τὴν
1012 1463 1140 1504 αἵρεσιν

123 1521 180 1557 τῆς
200 1518 402 1556 Βαβυλῶνος
426 1515 548 1556 συνέβη
569 1515 736 1556 γενέσθαι,
761 1516 1018 1556 βασιλεύσαντος
1038 1515 1140 1547 αὐτοῦ

125 1570 178 1609 ἔτη
204 1568 427 1600 ἑπτακαίδεκα.
475 1569 592 1609 (248)
622 1574 688 1600 τῶν
713 1567 773 1610 μὲν
798 1565 859 1599 οὖν
884 1569 1140 1609 Ναβουχοδονο-

125 1623 226 1662 σόρου
250 1626 309 1653 τοῦ
333 1620 493 1662 βασιλέως
518 1621 664 1661 ἐκγόνων
692 1622 728 1653 τὸ
758 1620 850 1658 τέλος
873 1626 1004 1653 τοιοῦτο
1028 1633 1141 1662 παρει-

125 1675 275 1715 λήφαμεν
308 1676 500 1716 γενόμενον·
534 1677 665 1718 Δαρείῳ
696 1673 731 1706 δὲ
760 1679 804 1718 τῷ
833 1675 1051 1706 καταλύσαντι
1081 1675 1141 1715 τὴν

197 1737 211 1765 ξ
228 1737 279 1760 243
296 1748 327 1756 =
344 1736 412 1761 Dan.
429 1735 453 1760 V
469 1738 510 1761 26,
