1261 1917
497 68 621 92 omon
1001 65 1066 96 205

53 148 213 190 Λιβάνου,
237 147 288 179 καὶ
316 147 333 188 ἡ
359 153 424 179 τῶν
448 146 525 179 καθ’
548 147 673 188 ἡμέραν
697 148 842 178 δείπνων
861 145 1066 184 πολυτέλεια,

52 201 106 234 καὶ
130 202 168 233 τὰ
192 206 250 242 τῆς
273 206 481 242 παρασκευῆς
505 201 608 232 αὐτοῦ
629 199 682 231 καὶ
703 200 883 238 διακονίας,
911 200 927 239 ἥ
947 211 981 230 τε
1000 205 1067 230 τῶν

52 255 307 296 ὑπηρετούντων
327 253 429 294 ἐσθὴς
448 252 501 285 καὶ
522 255 557 285 τὸ
575 252 644 294 μετ’
663 252 840 294 ἐπιστήμης
855 252 964 283 αὐτῶν
979 253 1066 292 παρὰ

52 309 112 349 τὴν
132 309 305 339 διακονίαν
325 306 493 348 εὐπρεπές,
513 306 572 347 οὐχ
592 307 707 346 ἥκιστα
727 304 763 337 δὲ
778 304 831 336 καὶ
848 305 884 336 αἱ
896 304 974 336 καθ’
991 305 1067 346 ἡμέ-

26 373 116 403 ὸραν
145 360 390 401 ἐπιτελούμεναι
420 365 464 402 τῷ
488 363 557 402 θεῷ
581 361 698 391 θυσίαι
723 358 777 390 καὶ
802 360 838 390 τὸ
861 364 928 389 τῶν
953 357 1068 399 ἱερέων

53 413 106 446 καὶ
127 416 278 446 Λευιτῶν
301 413 375 454 περὶ
395 413 496 451 αὐτὰς
515 412 672 454 ἐπιμελές.
709 412 817 452 <1ῖο>
835 410 934 443 ταῦθ’
958 411 1067 451 ὁρῶσα

54 466 130 499 καθ’
162 467 288 508 ἡμέραν
318 467 581 508 ὑπερεθαύμαζε,
614 465 667 498 καὶ
696 471 871 506 κατασχεῖν
899 465 939 496 οὐ
968 466 1068 505 δυνη-

54 524 151 552 θεῖσα
171 521 231 560 τὴν
251 520 404 560 ἔκπληξιν
423 524 490 550 τῶν
507 517 730 560 βλεπομένων,
750 519 900 559 φανερὰν
915 517 1068 558 ἐποίησεν

55 573 158 614 αὑτὴν
186 576 421 614 θαυμαστικῶς
450 571 673 613 διακειμένην·
702 572 785 612 πρὸς
808 572 870 612 γὰρ
894 572 952 602 τὸν
976 572 1069 612 βασι-

17 637 42 658 20
55 621 112 658 λέα
139 626 292 667 προήχθη
322 627 441 666 λόγους
470 627 574 657 εἰπεῖν
602 623 661 665 ὑφ’
689 622 736 656 ὧν
767 623 910 665 ἠλέγχθη
938 624 1069 664 σφόδρα

55 679 115 719 τὴν
139 680 292 711 διάνοιαν
317 678 368 710 ἐπὶ
393 685 462 716 τοῖς
480 677 733 720 προειρημένοις
751 676 922 718 ἡττημένη.
961 677 1070 716 <171>

56 731 178 763 επάντα
202 731 277 772 μέν’
303 733 365 772 γὰρ
390 730 494 772 εἶπεν,
522 730 564 762 τὦ
589 733 740 772 βασιλεῦ,
764 731 803 761 τὰ
827 730 875 761 δι’
900 729 1000 770 ἀκοῆς
1024 730 1071 766 εἰς

57 791 182 825 γνῶσιν
211 784 369 826 ἐρχόμενα
397 784 465 826 μετ’
498 785 650 821 ἀπιστίας
676 785 905 824 παραγίνεται·
938 789 1005 814 τῶν
1034 781 1070 813 δὲ

57 843 126 869 σῶν
149 837 288 878 ἀγαθῶν
313 835 359 869 ὧν
381 838 480 875 αὐτός
498 836 526 869 τ’
549 839 632 878 ἔχεις
652 836 688 868 ἐν
708 841 826 879 σαυτῷ,
851 835 934 876 λέγω
955 834 991 866 δὲ
1010 835 1070 875 τὴν

18 901 41 922 15
57 892 180 931 σοφίαν
199 890 252 922 καὶ
273 891 333 931 τὴν
352 892 528 932 φρόνησιν,
551 889 604 921 καὶ
625 888 672 922 ὧν
690 889 710 930 ἡ
730 891 880 930 βασιλεία
899 897 951 920 σοι
972 889 1069 920 δίδω-

57 953 126 984 σιν,
150 943 191 975 οὐ
215 945 339 984 ψευδὴς
363 943 416 984 ἄρ’
443 943 462 983 ἡ
487 944 579 984 φήμη
602 944 685 984 πρὸς
707 942 792 984 ἡμᾶς
816 943 971 983 διῆλθεν,
995 940 1066 973 ἀλλ’

56 994 127 1028 οὗσ’
150 996 278 1037 ἀληθὴς
296 999 382 1029 πολὺ
403 995 662 1038 καταδεεστέραν
685 996 746 1036 τὴν
771 996 987 1036 εὐδαιμονίαν
1011 995 1070 1026 ἀπ-

56 1049 179 1090 έφηνεν
201 1047 236 1090 ἧς
255 1049 322 1091 ὁρῶ
342 1054 405 1081 νῦν
424 1054 584 1091 παροῦσα.
614 1050 722 1090 <172>
742 1050 800 1086 τὰς
818 1047 879 1090 μὲν
893 1049 955 1089 γὰρ
971 1048 1071 1085 ἀκοὰς

56 1104 188 1134 πείθειν
212 1102 370 1144 ἐπεχείρει
389 1105 504 1144 μόνον,
527 1104 564 1134 τὸ
585 1102 614 1134 δ’
638 1102 763 1143 ἀξίωμα
783 1107 849 1133 τῶν
869 1102 1070 1143 πραγμάτων

18 1155 117 1196 εοούχ
151 1156 256 1193 οὕτως
288 1156 390 1187 ἐποίει
420 1157 589 1198 γνώριμον
618 1156 662 1193 ὡς
693 1156 709 1196 ἡ
739 1157 814 1192 ὄψις
843 1155 923 1186 αὐτὸ
951 1154 1005 1186 καὶ
1034 1156 1070 1185 τὸ

58 1207 134 1248 παρ’
166 1209 278 1246 αὐτοῖς
310 1207 395 1240 εἶναι
428 1211 631 1250 συνίστησιν.
683 1209 745 1249 ἐγὼ
779 1213 862 1249 γοῦν
895 1206 974 1239 οὐδὲ
1002 1213 1072 1245 τοῖς

59 1261 358 1303 ἀπαγγελλομένοις
381 1263 436 1293 διὰ
460 1264 496 1294 τὸ
520 1266 649 1304 πλῆθος
672 1262 726 1294 καὶ
746 1261 888 1303 μέγεθος
906 1259 954 1293 ὧν
974 1260 1071 1292 ἐπυν-

58 1316 213 1355 θανόμην
240 1316 455 1356 πιστεύουσα,
483 1319 594 1359 πολλῷ
621 1318 722 1347 πλείω
751 1316 877 1346 τούτων
907 1316 1072 1355 ι’στόρηκα,

58 1368 167 1407 <1ῖ3>
189 1367 243 1398 καὶ
263 1369 426 1409 μακάριόν
445 1381 478 1400 τε
498 1370 556 1400 τὸν
571 1368 733 1410 Ἑβραίων
753 1369 834 1400 λαὸν
855 1366 939 1399 εἶναι
959 1370 1072 1408 κρίνω,

20 1430 45 1451 25
59 1421 202 1458 δούλους
226 1433 259 1452 τε
283 1423 360 1459 τοὺς
385 1423 464 1459 σοὺς
486 1421 539 1452 καὶ
564 1423 694 1462 φίλους,
719 1423 754 1452 οἳ
772 1419 849 1452 καθ’
872 1420 997 1461 ἡμέραν
1016 1425 1073 1460 τῆς

59 1478 118 1514 σῆς
151 1474 378 1506 ἀπολαύουσιν
411 1477 518 1512 ὅψεως
550 1474 604 1506 καὶ
636 1479 694 1515 τῆς
722 1476 842 1515 σοφίας
869 1473 1072 1515 ἀκροώμενοι

60 1527 278 1559 διατελοῦσιν.
316 1528 526 1568 εὐλογήσειεν
549 1529 591 1559 ἄν
612 1540 661 1565 τις
680 1529 738 1559 τὸν
757 1528 840 1558 θεὸν
859 1527 1073 1567 ἀγαπήσαντα

59 1580 157 1620 τήνδε
179 1581 240 1620 τὴν
259 1582 369 1622 χώραν
389 1580 441 1613 καὶ
462 1583 539 1619 τοὺς
559 1581 595 1612 έν
614 1580 695 1622 αὐτῇ
715 1584 950 1617 κατοικοῦντας
969 1580 1074 1617 οὕτως

61 1633 143 1664 ὥστε
167 1632 203 1665 σε
226 1639 360 1675 ποιῆσαι
386 1634 543 1675 βασιλέα.’

22 1695 47 1714 ³⁰
126 1687 234 1728 <174>
267 1689 502 1729 παραστήσασα
535 1686 571 1719 δὲ
604 1686 657 1718 καὶ
691 1688 746 1718 διὰ
774 1692 840 1718 τῶν
869 1688 976 1727 λόγων
1005 1692 1074 1724 πῶς
1094 1694 1109 1716 6

131 1751 145 1780 ξ
163 1751 213 1774 170
233 1761 266 1769 =
286 1751 301 1773 3
317 1748 384 1781 Reg.
405 1748 429 1773 X
444 1751 471 1780 53
492 1751 506 1774 2
524 1747 614 1774 Pal-al.
636 1748 673 1773 IX
690 1752 712 1774 4.
