1261 1917
181 60 246 91 206
544 60 814 85 ΑΡΧΑΙΟΑΟΓῙΑΣ

181 140 283 180 αὐτὴν
308 140 463 181 διέθηκεν
487 141 504 172 ὁ
528 140 696 181 βασιλεύς,
724 141 769 171 ἔτι
793 138 844 171 καὶ
871 144 942 176 ταῖς
966 140 1104 181 δωρεαῖς
1127 139 1188 179 τὴν

181 193 332 224 διάνοιαν
352 193 452 234 αὑτῆς
472 193 602 233 ἐποίησε
622 192 779 234 φανεράν.
818 195 919 223 εἰκοσι
939 191 998 233 μὲν
1017 193 1078 233 γὰρ
1099 192 1186 235 αὐτῷ

180 246 321 277 τάλαντα
346 247 445 278 ε”δωκε
468 248 617 287 χρυσιόυ,
641 246 822 287 ἀρωμάτων
846 257 879 276 τε
900 248 1029 285 πλῆθος
1048 245 1187 276 ἀσυλλό-

181 307 293 338 γιστον
311 298 365 330 καὶ
385 301 484 330 λίθον
503 302 678 339 πολυτελῆ·
700 298 833 338 λέγουσι
853 296 884 328 δ’
907 298 956 329 ὅτι
976 297 1029 328 καὶ
1049 298 1108 337 τὴν
1127 302 1186 328 τοῦ

180 351 412 392 ὀποβαλσάμου
433 352 534 393 ῥίζαν,
554 352 595 392 ἣν
615 353 660 383 ἔτι
680 350 732 382 καὶ
753 355 815 382 νῦν
834 350 927 391 ἡμῶν
944 350 963 390 ’ἡ
979 351 1067 391 χώρα
1082 349 1186 391 φέρει,
1201 363 1213 382 5

180 404 301 445 δούσης
323 405 442 445 ταύτης
465 409 522 445 τῆς
545 405 700 444 γυναικὸς
720 405 843 444 ἔχομεν.
882 404 989 443 <175>
1006 403 1187 444 ἀντεδωρή-

180 466 257 488 σατο
274 456 303 488 δ’
317 457 420 497 αὐτὴν
435 457 487 488 καὶ
500 458 662 498 Σολομὼν
677 460 811 493 πολλοῖς
826 456 975 496 ἀγαθοῖς,
986 455 1038 486 καὶ
1050 454 1185 496 μάλισθ’

180 507 226 541 ὧν
236 509 306 541 κατ’
321 509 501 551 ἐπιθυμίαν
517 509 693 547 ἐξελέξατο·
709 508 808 541 οὐδὲν
823 510 884 549 γὰρ
901 506 941 549 ἧν
957 509 974 539 ὅ
989 521 1019 539 τι
1032 509 1188 549 δεηθείσῃ

180 565 293 603 λαβεῖν
321 562 361 593 οὐ
384 562 559 604 παρέσχεν,
588 561 658 594 ἀλλ’
686 561 892 603 ἑτοιμότερον
917 559 963 592 ὧν
987 561 1085 598 αὐτὸς
1108 561 1188 592 κατὰ

180 616 239 654 τὴν
268 616 392 646 οἰκείαν
417 615 579 656 ἐχαρίζετο
603 617 810 657 προαίρεσιν,
840 615 920 655 ἅπερ
946 614 1052 654 ἐκείνη
1076 614 1187 654 τυχεῖν
1202 627 1228 647 10

182 667 273 707 ἠξίου
296 667 500 709 προϊέμενος,
524 669 584 709 τὴν
607 668 904 709 μεγαλοφροσύνην
929 666 1146 698 ἐπεδείκνυτο.

245 720 298 752 καὶ
322 721 341 761 ἡ
366 720 426 762 μὲν
450 727 516 752 τῶν
536 722 729 761 Αἰγυπτίων
748 719 801 752 καὶ
820 724 877 760 τῆς
896 720 1077 756 Αἰθιοπίας
1096 720 1187 759 βασί-

180 777 285 814 λισσα,
309 771 356 805 ὧν
379 775 620 815 προειρήκαμεν
643 777 787 814 τυχοῦσα
811 772 864 804 καὶ
885 773 1069 813 μεταδοῦσα
1088 772 1189 803 πάλιν

179 832 223 869 τῷ
247 829 376 867 βασιλεῖ
397 832 463 858 τῶν
487 825 562 867 παρ’
590 826 704 866 αὐτῆς,
734 827 780 862 εἰς
803 825 863 865 τὴν
887 826 1011 856 οἰκείαν
1034 823 1188 866 ὑπέστρε-

146 883 162 913 7
180 886 254 917 2062st
301 881 408 920 <176>
436 881 517 911 κατὰ
547 878 582 910 δὲ
611 880 668 910 τὸν
695 878 796 910 αὐτὸν
820 879 937 919 καιρὸν
960 876 1188 918 κομισθέντων
1204 889 1228 909 15

179 933 242 964 ἀπὸ
267 937 324 973 τῆς
344 935 476 974 Χρυσῆς
500 931 703 973 καλουμένης
727 936 786 971 γῆς
810 933 917 962 λίθων
936 933 1125 962 πολυτελῶν
1144 934 1188 972 τῷ

179 988 309 1026 βασιλεῖ
334 984 387 1017 καὶ
415 985 521 1023 ξύλων
545 986 725 1022 πευκίνων,
752 990 821 1021 τοῖς
845 983 955 1021 ξύλοις
979 984 1024 1020 εἰς
1047 984 1188 1022 ὑποστή-

180 1050 279 1079 ριγμα
299 1043 358 1069 τοῦ
377 1050 410 1069 τε
430 1042 513 1069 ναοῦ
533 1036 586 1068 καὶ
606 1043 672 1068 τῶν
692 1038 867 1077 βασιλείων
886 1037 1114 1077 κατεχρήσατο,
1133 1035 1187 1067 καὶ

179 1092 261 1132 πρὸς
284 1091 343 1131 τὴν
367 1096 433 1122 τῶν
457 1096 624 1131 μουσικῶν
644 1090 796 1130 ὀργάνων
814 1090 1027 1129 κατασκευήν,
1051 1089 1188 1130 κινύρας

180 1156 211 1175 τε
243 1143 296 1175 καὶ
327 1144 462 1184 νάβλας,
496 1144 582 1180 ὅπως
609 1143 758 1183 ὑμνῶσιν
786 1142 820 1173 οἱ
847 1144 982 1173 Λευῖται
1010 1142 1069 1172 τὸν
1096 1142 1187 1172 θεόν.
1201 1133 1227 1172 ἐο

178 1197 311 1228 πάντων
345 1195 380 1228 δὲ
414 1202 480 1227 τῶν
512 1197 640 1227 πώποτε
673 1193 901 1236 κομισθέντων
933 1194 1020 1237 αὐτῷ
1048 1195 1087 1226 τὰ
1115 1193 1185 1225 κατ’

179 1249 308 1290 ἐκείνην
332 1250 391 1290 τὴν
415 1249 540 1290 ἡμέραν
565 1247 740 1289 ἐνεχθέντα
765 1246 817 1278 καὶ
842 1247 974 1288 μεγέθει
999 1246 1052 1278 καὶ
1076 1247 1187 1278 κάλλει

179 1302 340 1343 διέφερεν.
377 1303 485 1342 <177>
506 1302 655 1342 ὑπολάβῃ
677 1299 712 1332 δὲ
732 1300 846 1342 μηδεὶς
865 1301 914 1332 ὅτι
934 1301 972 1331 τὰ
991 1305 1048 1340 τῆς
1067 1301 1188 1340 πεύκης

179 1356 259 1393 ξύλα
287 1361 356 1392 τοῖς
384 1360 446 1386 νῦν
476 1353 559 1386 εἶναι
588 1353 777 1395 λεγομένοις
804 1352 858 1384 καὶ
887 1353 1008 1393 ταύτην
1034 1353 1097 1384 ὑπὸ
1121 1358 1187 1384 τῶν
1248 1336 1252 1402 J

178 1410 430 1449 πιπρασκόντων
462 1408 521 1448 τὴν
554 1408 778 1448 προσηγορίαν
812 1405 863 1437 ἐπὶ
895 1405 1090 1445 καταπλήξει
1120 1410 1186 1437 τῶν
1201 1415 1227 1435 25
1258 1433 1261 1448 ‹

179 1460 378 1502 ὠνουμένων
401 1461 627 1502 λαμβάνουσίν
652 1459 718 1491 ἐστι
742 1460 964 1500 παραπλήσια·
994 1458 1100 1490 ἐκεῖνα
1124 1459 1185 1499 γὰρ
1248 1407 1261 1494 J

178 1515 238 1555 τὴν
262 1513 322 1555 μὲν
342 1513 434 1545 ἰδέαν
455 1514 578 1555 ἐμφερῆ
598 1518 666 1550 τοϊς
686 1514 833 1549 συκίνοις
853 1513 988 1552 γίνεται,
1012 1512 1185 1551 λευκότερα
1250 1495 1261 1557 J

178 1566 207 1597 δ’
231 1566 298 1599 ἐστὶ
322 1567 375 1599 καὶ
400 1568 524 1607 στίλβει
547 1565 656 1597 πλέον.
694 1566 801 1605 <178>
826 1569 922 1595 τοῦτο
946 1562 1006 1604 μὲν
1026 1561 1085 1594 οὖν
1104 1564 1186 1604 πρὸς
1250 1564 1253 1605 j

178 1621 213 1651 τὸ
238 1619 362 1661 μηδένα
384 1620 444 1660 τὴν
464 1620 628 1660 διαφορὰν
648 1618 807 1658 ἀγνοῆσαι
826 1615 908 1658 μηδὲ
927 1616 986 1656 τὴν
1007 1617 1109 1656 φύσιν
1129 1620 1186 1656 τῆς
1250 1611 1253 1652 1

249 1692 263 1721 ξ
281 1692 329 1715 175
351 1701 382 1710 =
403 1692 418 1714 3
433 1688 500 1721 Reg.
521 1688 544 1713 X
562 1691 606 1719 133
628 1690 642 1713 2
660 1686 748 1713 Paral.
769 1686 863 1712 1X12.
933 1688 947 1717 ξ
965 1688 1013 1712 176
1035 1698 1066 1707 =
1087 1688 1102 1710 3
1117 1685 1185 1717 Reg.
1251 1656 1254 1762 J

177 1734 201 1759 x
219 1737 263 1765 113
284 1736 298 1758 ιν
315 1732 403 1759 Paral.
424 1732 459 1757 lx
478 1735 517 1758 10.
1251 1766 1256 1917 J
