1261 1917
163 93 228 124 260
533 93 802 118 APXAIOAOFIAZ

162 172 297 204 καὶτῶν
316 173 354 204 τὰ
373 178 486 214 πρῶτα
505 177 563 204 τοῦ
582 173 733 212 πλήθους
751 171 954 214 φερομένων,
973 171 1173 212 παραινέσας

164 225 326 266 ἐπιμελεῖς
357 224 411 256 καὶ
444 225 572 262 δικαίας
605 229 774 257 ποιεῖσθαι
811 225 916 262 πάσας
948 225 1005 262 τὰς
1036 226 1171 266 κρίσεις·

164 278 227 319 <5>
253 278 294 309 ἂν
318 276 354 309 δὲ
378 277 451 319 περὶ
475 279 634 318 μειζόνων
662 279 827 319 διαφορὰν
856 279 984 318 ἔχοντες
1007 283 1073 309 τῶν
1097 277 1172 318 ὁμο-

163 331 279 372 φύλων
302 329 389 368 τινὲς
413 330 447 362 ἐκ
470 336 537 362 τῶν
561 331 670 362 ἄλλων
693 330 845 371 πέμψωσι
868 331 949 372 πρὸς
972 330 1092 367 αὐτοὺς
1114 331 1173 361 πό-

163 386 256 423 λεων,
280 384 410 421 τούτοις
433 384 473 423 δὴ
494 384 572 424 μετὰ
591 385 743 420 πλείονος
762 384 908 423 σπουδῆς
927 383 1173 423 ἀποφαίνεσθαι

164 436 298 472 δικαίως
329 435 403 477 περὶ
436 441 503 467 τῶν
536 435 749 477 πραγμάτων·
783 436 921 476 μάλιστα
953 436 1015 476 γὰρ
1048 436 1105 472 τὰς
1137 434 1173 466 ἐν

162 489 263 529 ταύτῃ
291 493 329 529 τῇ
359 489 452 519 πόλει
480 489 618 529 κρίσεις,
647 487 682 519 ἐν
711 485 731 528 ᾗ
754 489 812 518 τόν
840 499 874 518 τε
898 488 980 518 ναὸν
1007 485 1090 518 εἶναι
1114 492 1173 518 τοῦ

163 544 246 572 θεοῦ
266 539 449 581 συμβέβηκε
468 539 522 571 καὶ
542 541 672 571 δίαιταν
692 541 709 572 ὁ
729 541 883 580 βασιλεὺς
902 541 977 581 ἔχει,
996 540 1174 581 προσήκειν

165 593 346 630 σπουδαίας
366 590 450 624 εἶναι
468 591 523 623 καὶ
542 593 756 630 δικαιοτάτας.
800 593 863 633 <6>
886 593 1046 633 ἄρχοντας
1066 591 1094 623 δ’
1117 592 1174 623 αὐ-

163 651 229 676 τῶν
258 645 493 677 ἀποδείκνυσιν
518 644 674 686 Ἀμασίαν
704 646 763 677 τὸν
794 644 880 686 ἱερέα
911 644 965 676 καὶ
995 646 1173 686 Ζαβαδίαν,

164 697 199 729 ἐκ
222 702 280 738 τῆς
301 697 409 729 Ἰούδα
433 701 541 738 φυλῆς
565 696 745 739 ἑκατέρους.

229 750 283 781 καὶ
307 751 324 782 ὁ
350 749 410 791 μὲν
434 752 588 791 βασιλεὺς
611 755 730 782 τοῦτον
753 752 812 782 τὸν
830 752 952 792 τρόπον
972 749 1116 781 διέταττε
1135 750 1174 781 τὰ

164 803 351 844 πράγματα,
381 804 444 844 <7>
468 804 548 835 κατὰ
573 802 609 834 δὲ
633 804 691 835 τὸν
715 804 816 835 αὐτὸν
838 804 955 844 καιρὸν
981 802 1175 844 ἐστράτευον

165 855 214 887 ἐπ’
242 856 343 887 αὐτὸν
363 858 540 896 Μωαβῖται
563 855 618 887 καὶ
640 855 841 897 Ἀμμανῖται,
865 857 1176 897 συμπαραλαβόντες

164 907 218 940 καὶ
231 907 378 949 Ἀράβων
397 909 541 949 μεγάλην
558 914 688 950 μοῖραν,
706 908 760 940 καὶ
780 910 1174 951 καταστρατοπεδεύονται

165 963 247 1003 πρὸς
276 961 429 1001 Ἐγγαδδὶ
462 963 568 1001 πόλει,
606 961 738 1002 κειμένῃ
770 963 852 1003 πρὸς
883 966 921 1003 τῇ
952 961 1173 1002 Ἀσφαλτίτιδι

166 1015 278 1055 λίμνῃ,
306 1016 514 1055 τριακοσίους
542 1014 706 1055 ἀπεχούσῃ
731 1015 885 1052 σταδίους
910 1019 977 1045 τῶν
996 1013 1174 1055 Ἱεροσολύ-

166 1078 245 1107 μων.
283 1071 437 1106 γεννᾶται
457 1066 486 1097 δ’
510 1066 545 1098 ἐν
565 1067 645 1108 αὐτῇ
665 1066 776 1107 φοίνιξ
797 1067 814 1097 ὁ
832 1067 1004 1104 κάλλιστος
1024 1066 1079 1098 καὶ
1098 1067 1175 1098 ὀπο-

1189 655 1214 674 10

1190 919 1214 937 15

166 1119 344 1160 βάλσαμον.
391 1120 453 1159 <8>
473 1120 615 1157 ἀκούσας
639 1118 668 1151 δ’
688 1119 885 1160 Ἰωσάφατος
908 1120 958 1151 ὅτι
976 1120 1036 1160 τὴν
1056 1121 1175 1160 λίμνην
1198 1150 1204 1155 ,

168 1172 342 1212 διαβάντες
366 1173 399 1203 οἱ
420 1172 571 1213 πολέμιοι
595 1172 832 1213 ἐμβεβλήκασιν
854 1173 917 1213 ἤδη
939 1173 986 1210 είς
1004 1173 1064 1212 τὴν
1083 1174 1175 1213 βασι-

168 1224 350 1265 λευομένην
382 1224 437 1256 ὑπ’
474 1225 576 1256 αὐτοῦ
609 1226 733 1266 χώραν,
771 1226 881 1262 δείσας
919 1226 965 1263 εἰς
1003 1225 1175 1266 ἐκκλησίαν

165 1277 301 1317 συνάγει
329 1279 387 1309 τὸν
416 1279 521 1318 δῆμον
548 1283 614 1309 τῶν
638 1277 907 1319 Ἱεροσολυμιτῶν
935 1279 982 1316 εἰς
1009 1279 1045 1310 τὸ
1076 1279 1174 1319 ἱερόν,

164 1329 218 1360 καὶ
243 1331 320 1367 στὰς
343 1331 423 1361 κατὰ
447 1332 623 1371 πρόσωπον
651 1335 709 1362 τοῦ
737 1335 820 1362 ναοῦ
844 1331 960 1372 ηὔχετο
984 1329 1039 1362 καὶ
1063 1330 1175 1362 ἐπεκα-

165 1385 251 1413 λεῖτο
284 1384 342 1414 τὸν
372 1384 455 1414 θεὸν
481 1389 662 1424 παρασχεῖν
690 1383 778 1426 αὐτῷ
807 1384 949 1424 δύναμιν
982 1383 1036 1414 καὶ
1069 1384 1174 1424 ἰσχύν,

166 1435 247 1466 ὥστε
275 1437 525 1477 τιμωρήσασθαι
553 1438 630 1473 τοὺς
658 1435 984 1477 ἐπιστρατεύσαντας·
1018 1436 1089 1476 <9>
1119 1435 1174 1467 καὶ

166 1489 228 1528 γὰρ
251 1492 348 1519 τοῦτο
374 1489 534 1529 δεηθῆναι
558 1491 634 1526 τοὺς
658 1490 694 1520 τὸ
719 1489 808 1529 ἱερὸν
829 1488 1175 1529 κατασκευασαμένους

167 1540 280 1581 αὐτοῦ,
305 1541 392 1578 ὅπως
415 1542 639 1583 ὑπερμάχηται
659 1546 716 1582 τῆς
734 1543 858 1579 πόλεως
878 1541 1002 1582 ἐκείνης
1025 1541 1079 1572 καὶ
1098 1543 1175 1579 τοὺς

166 1591 215 1623 ἐπ’
247 1593 326 1624 αὐτὸ
359 1595 584 1634 τολμήσαντας
618 1593 730 1625 ἐλθεῖν
758 1594 934 1635 ἀμύνηται,
967 1596 1002 1625 οἳ
1028 1595 1088 1635 τὴν
1116 1594 1171 1626 ὑπ’

166 1645 267 1676 αὐτοῦ
283 1646 442 1677 δοθεῖσαν
461 1651 524 1686 γῆν
544 1647 590 1683 είς
608 1647 802 1687 κατάσχεσιν
821 1645 1003 1687 ἀφελέσθαι
1023 1647 1174 1687 πάρεισιν

1190 1182 1215 1201 20

1189 1445 1214 1463 25

166 1697 293 1734 αὐτούς.
339 1697 429 1729 ταῦτ’
457 1699 632 1739 εὐχόμενος
660 1699 811 1740 ἐδάκρυε,
839 1698 893 1730 καὶ
922 1700 1053 1740 σύμπαν
1078 1698 1114 1731 δὲ
1137 1701 1173 1732 τὸ
1188 1709 1213 1727 30

237 1761 250 1789 ξ
266 1760 280 1783 5
302 1771 334 1779 =
354 1761 368 1783 2
384 1758 474 1786 Paral.
490 1759 552 1784 XIX
568 1762 592 1785 8.
