1261 1917
177 67 240 97 242
537 69 809 93 ΑΡΧΑΙΟΛΟΓῙΑΣ

174 147 325 187 πρώτους
343 158 376 178 τε
396 150 498 178 θῦσαι
517 146 571 178 καὶ
586 149 663 185 τοὺς
678 148 787 179 αὑτῶν
802 147 1057 180 ἐπικαλέσασθαι
1072 149 1182 186 θεούς.

176 199 244 231 ἐπεὶ
273 199 303 230 δ’
330 198 429 231 οὐδὲν
453 200 580 241 ἀπήντα
603 201 690 242 παρὰ
713 205 770 241 τῆς
795 201 891 242 εὐχῆς
914 201 1025 238 αὐτοῖς
1048 200 1102 232 καὶ
1125 206 1183 242 τῆς

176 252 373 292 ἐπικλήσεως
395 253 518 284 θύσασι
543 259 612 290 τοῖς
634 254 829 295 προφήταις,
853 254 1011 285 σκώπτων
1031 254 1047 285 ὁ
1070 253 1182 291 Ἠλίας

175 305 299 346 μεγάλῃ
323 308 383 347 βοῇ
407 309 519 337 καλεῖν
543 306 663 343 αὐτοὺς
687 306 813 338 ἐκέλευε
837 308 914 344 τοὺς
937 307 1050 344 θεούς·
1077 306 1096 346 ἢ
1120 308 1181 348 γὰρ

175 358 357 399 ἀποδημεῖν
390 358 509 396 αὐτοὺς
541 358 561 399 ἢ
594 360 780 390 καθεύδειν.
826 360 933 400 <34Ο>
965 365 1031 390 τῶν
1064 359 1094 390 δ’
1125 358 1179 390 ἀπ’

175 412 303 452 ὄρθρου
326 415 423 442 τοῦτο
446 412 633 442 ποιούντων
658 411 751 453 μέχρι
775 411 874 452 μέσης
897 411 1032 453 ἡμέρας,
1056 410 1109 442 καὶ
1134 423 1182 442 τε-

175 465 325 504 μνόντων
350 464 469 501 αὑτοὺς
493 465 667 504 μαχαίραις
695 463 747 495 καὶ
780 465 1008 506 σειρομάσταις
1037 465 1117 495 κατὰ
1146 465 1182 494 τὸ

174 517 314 558 πάτριον
348 517 440 556 ἔθος,
473 515 601 556 μέλλων
634 517 731 554 αὐτὸς
764 516 924 548 ἐπιτελεῖν
956 517 1016 556 τὴν
1047 518 1182 556 θυσίαν,

175 568 323 600 ε’κὲλευσε
347 570 424 606 τοὺς
447 567 507 609 μὲν
531 568 750 610 ἀναχωρῆσαι,
773 571 849 606 τοὺς
874 568 903 600 δ’
927 568 1023 609 ἐγγὺς
1046 571 1181 610 προσελ-

174 623 298 658 θόντας
325 626 436 662 τηρεῖν
465 621 579 659 αὐτόν,
608 622 650 662 μὴ
679 626 744 663 πῦρ
770 622 879 664 λάθρᾳ
903 627 972 658 τοῖς
996 621 1105 659 ξύλοις
1129 621 1181 662 ε’μ-

174 674 266 715 βάλῃ.
312 675 420 714 <341>
444 678 503 705 τοῦ
528 673 557 704 δ’
584 675 684 714 ὄχλου
707 676 961 715 προσελθόντος,
986 674 1096 715 λαβὼν
1120 675 1181 705 δώ-

175 727 251 757 δεκα
289 728 408 763 λίθους
444 727 524 757 κατὰ
561 727 672 767 φυλὴν
709 731 767 757 τοῦ
805 729 886 758 λαοῦ
923 732 989 757 τῶν
1022 725 1182 767 Ἑβραίων

174 778 351 819 ἀνέστησεν
374 778 405 817 ἐξ
425 779 534 810 αὐτῶν
553 780 803 820 θυσιαστήριον,
825 778 879 810 καὶ
898 778 972 820 περὶ
992 779 1071 810 αὐτὸ
1091 778 1181 817 δεξα-

174 831 276 872 μενὴν
303 831 405 872 ὤρυξε
429 832 631 872 βαθυτάτην.
677 831 731 863 καὶ
756 831 893 869 συνθεὶς
916 833 973 869 τὰς
997 833 1105 873 σχίζας
1129 831 1181 863 ἐπὶ

174 888 232 915 τοῦ
255 885 369 925 βωμοῦ
392 883 445 915 καὶ
469 883 539 915 κατ’
561 884 670 915 αὐτῶν
690 884 817 921 ἐπιθεὶς
835 886 874 916 τὰ
895 885 1006 926 ἱερεῖα,
1029 884 1182 926 τέτταρας

174 937 236 968 ἀπὸ
260 941 318 977 τῆς
340 937 462 978 κρήνης
484 937 601 978 ὑδρίας
620 936 796 978 προσέταξε
814 939 1044 978 πληρωθείσας
1062 937 1182 974 ὕδατος

173 989 411 1020 κατασκεδάσαι
440 994 498 1021 τοῦ
527 991 782 1030 θυσιαστηρίου,
812 990 855 1026 ὡς
880 990 1078 1030 ὑπερβαλεῖν
1102 990 1181 1021 αὐτὸ

173 1041 226 1073 καὶ
255 1042 315 1082 τὴν
343 1042 523 1083 δεξαμενὴν
551 1043 680 1073 ἅπασαν
707 1042 827 1079 ὕδατος
855 1046 1052 1083 γεμισθῆναι
1076 1047 1182 1082 πηγῆς

174 1095 403 1134 ἀναδοθείσης.
451 1095 557 1134 <ῧ42>
586 1099 687 1125 ταῦτα
717 1093 751 1125 δὲ
780 1095 918 1134 ποιήσας
946 1094 1064 1136 ἤρξατο
1093 1095 1180 1135 εὔχε-

174 1151 253 1178 σθαι
282 1152 326 1189 τῷ
355 1151 423 1190 θεῷ
446 1146 500 1178 καὶ
524 1150 636 1178 καλεῖν
660 1147 761 1178 αὐτὸν
785 1146 838 1178 καὶ
862 1153 970 1178 ποιεῖν
993 1152 1037 1190 τῷ
1060 1150 1180 1178 πεπλα-
1196 1158 1206 1175 2

173 1199 302 1243 νημένῳ
335 1201 441 1231 πολὺν
472 1200 534 1239 ἤδη
567 1201 689 1241 χρόνον
719 1203 786 1242 λαῷ
816 1200 964 1241 φανερὰν
991 1200 1052 1240 τὴν
1080 1200 1181 1231 αὑτοῦ

174 1253 326 1293 δύναμιν.
372 1251 425 1283 καὶ
455 1257 556 1283 ταῦτα
585 1251 738 1292 λέγοντος
762 1253 857 1293 ἄφνω
880 1257 945 1293 πῦρ
970 1252 1001 1290 ἐξ
1026 1253 1181 1293 οὐρανοῦ,

174 1310 232 1336 τοῦ
260 1306 410 1345 πλήθους
439 1305 596 1346 ὁρῶντος,
625 1304 674 1336 ἐπὶ
705 1306 763 1336 τὸν
791 1306 903 1346 βωμὸν
929 1306 1021 1336 ἔπεσε
1044 1304 1097 1336 καὶ
1122 1305 1181 1344 τὴν

174 1360 298 1389 θυσίαν
329 1357 548 1397 ἐδαπάνησεν,
581 1357 625 1394 ὡς
653 1357 834 1398 ἀνακαῆναι
862 1356 915 1388 καὶ
944 1359 979 1388 τὸ
1008 1357 1098 1398 ὕδωρ
1126 1355 1180 1387 καὶ

173 1412 330 1452 ψαφαρὸν
354 1410 509 1450 γενέσθαι
534 1411 592 1441 τὸν
616 1412 725 1442 τόπον.

240 1464 348 1504 <343>
376 1464 410 1494 οἱ
436 1462 465 1493 δ’
489 1462 684 1504 Ἰσραηλῖται
714 1462 801 1494 τοῦτ’
829 1463 956 1500 ἰδόντες
985 1464 1100 1493 ἔπεσον
1127 1461 1179 1493 ε’πὶ

174 1517 234 1556 τὴν
262 1521 324 1556 γῆν
351 1514 405 1547 καὶ
433 1516 660 1557 προσεκύνουν
685 1515 742 1547 ἕνα
765 1516 848 1547 θεὸν
871 1514 923 1546 καὶ
948 1514 1102 1555 μέγιστον
1125 1514 1179 1546 καὶ

173 1569 282 1609 ἀληθῆ
311 1570 414 1608 μόνον
443 1567 699 1608 ἀποκαλοῦντες,
727 1569 804 1605 τοὺς
832 1567 862 1598 δ’
888 1568 1008 1604 ἄλλους
1036 1568 1180 1608 ὀνόματα

173 1621 236 1652 ὑπὸ
270 1621 397 1661 φαύλης
429 1619 483 1651 καὶ
512 1621 653 1660 ἀνοήτου
682 1620 777 1660 δόξης
804 1619 1013 1661 πεποιημένα.
1061 1623 1179 1651 συλλα-

174 1675 288 1714 βόντες
313 1672 341 1703 δ’
364 1672 473 1703 αὐτῶν
497 1672 549 1703 καὶ
574 1674 650 1710 τοὺς
671 1674 842 1714 προφήτας
860 1672 1064 1713 ἀπέκτειναν,
1085 1672 1178 1704 Ἠλία
1192 1681 1217 1699 30

245 1737 259 1765 ς
276 1736 326 1760 340
347 1746 379 1754 =
399 1736 413 1759 3
429 1733 497 1765 R-eg.
517 1732 606 1758 XVIII
621 1736 662 1759 28.

1198 632 1223 651 10

1198 895 1221 914 15

1195 1419 1220 1438 25
