1261 1917
537 60 633 84 ΕΚΤΗ
1050 57 1093 87 45

80 142 257 182 ἀναφυγὴν
281 140 315 172 ἐκ
339 146 405 172 τῶν
429 139 663 181 ὑπεσχημένων
688 139 839 179 (αἰσχρὸν
866 138 927 179 γὰρ
951 137 1093 178 ὑπελάμ-

80 197 182 237 βανεν
206 194 224 235 ἢ
249 195 437 230 ψεύσασθαι
462 194 587 232 δοκεῖν,
614 192 633 232 ἣ
658 191 702 223 δι’
730 191 920 232 ἐπιβουλήν,
944 190 987 222 ἵν’
1015 191 1094 222 ἀδυ-

80 248 192 285 νάτοις
220 247 394 288 ἐπιχειρῶν
428 247 444 278 ὁ
473 246 624 286 Δαυίδης
655 244 865 285 ἐπαποθάνῃ,
898 245 957 275 τὸν
989 244 1096 284 γάμον

81 300 297 342 ἐπηγγέλθαι)
331 300 470 331 δίδωσιν
503 299 590 341 αὐτῷ
625 298 685 338 τὴν
717 296 901 338 θυγατέρα,
939 297 1096 337 *Μιχάλαν

55 364 67 384 5
82 355 227 396 ὀνόματι.

147 408 256 448 <2οἶ>>
285 408 396 448 ἔμελλε
426 405 456 437 δ’
488 406 547 437 οὐκ
577 404 627 436 ἐπὶ
656 405 741 436 πολὺ
769 409 838 441 τοῖς
867 402 1097 444 γεγενημένοις
1111 407 1147 437 11

82 460 235 502 ἐμμενεῖν
259 461 412 497 Σάουλος
435 460 511 500 ἄρα·
541 458 629 499 ὁρῶν
658 459 719 499 γὰρ
749 458 807 488 τὸν
831 457 985 496 Δαυίδην
1010 456 1097 496 παρὰ

81 519 126 557 τῷ
149 517 218 556 θεῷ
242 513 292 544 καὶ
319 514 407 554 παρὰ
430 519 500 550 τοῖς
524 513 634 553 ὄχλοις
658 511 897 552 εὐδοκιμοῦντα
921 508 1097 549 κατέδεισε,

82 565 135 598 καὶ
159 567 218 598 τὸν
242 568 350 608 φόβον
375 566 434 597 οὐκ
459 567 542 606 ἔχων
566 565 823 605 ἀποκρύψασθαι
847 562 921 604 περὶ
946 563 1098 604 μεγάλων

44 630 68 649 10
83 621 176 659 ὄντα,
205 621 373 660 βασιλείας
401 631 433 650 τε
463 618 517 650 καὶ
543 621 639 659 ζωῆς,
668 615 714 650 ὧν
738 616 792 649 καὶ
816 617 962 658 θατέρου
986 625 1099 658 στερη-

82 676 186 714 θῆναι
206 674 361 714 συμφορὰ
381 673 484 712 δεινή,
506 674 647 703 κτείνειν
667 672 725 703 τὸν
744 671 898 711 Δαυίδην
918 670 1099 710 διεγνώκει,

82 725 136 758 καὶ
169 726 361 767 προστάττει
395 726 455 766 τὴν
488 725 658 766 ἀναίρεσιν
692 724 794 756 αὐτοῦ
820 723 960 765 Ἰωνάθῃ
993 734 1027 754 τε
1055 726 1099 765 τῷ

83 779 177 811 παιδὶ
201 778 254 811 καὶ
279 785 347 816 τοῖς
371 779 577 816 πιστοτάτοις
604 784 671 809 τῶν
694 779 840 809 οἰκετῶν.
887 777 994 817 <206>
1021 776 1038 807 ὃ
1064 774 1099 807 δὲ

84 833 143 864 τὸν
166 831 289 873 πατέρα
312 837 370 872 τῆς
398 831 449 863 ἐπὶ
479 836 523 874 τῷ
547 831 680 872 Δαυίδῃ
704 832 886 871 μεταβολῆς
913 829 1100 870 θαυμάσας,

45 895 69 914 15
85 886 144 917 οὐκ
178 884 229 917 ἐπὶ
263 887 407 926 μετρίοις
440 885 502 916 ἀπὸ
536 889 593 925 τῆς
625 887 749 924 πολλῆς
783 883 914 920 εὐνοίας
945 881 1015 914 ἀλλ’
1048 881 1097 913 ἐπὶ

83 938 218 982 θανάτῳ
244 937 431 979 γενομένης,
454 936 508 969 καὶ
532 938 591 968 τὸν
610 938 786 968 νεανίσκον
806 936 943 976 ἀγαπῶν
966 934 1019 967 καὶ
1040 935 1101 976 τὴν

84 991 202 1032 ἀρετὴν
227 991 329 1022 αὐτοῦ
349 991 618 1032 καταιδούμενος,
643 989 730 1030 λέγει
753 991 836 1031 πρὸς
855 990 957 1021 αὐτὸν
980 989 1016 1020 τὸ
1041 993 1100 1020 τοῦ

84 1045 205 1085 πατρὸς
224 1044 411 1085 ἀπόρρητον
430 1043 483 1075 καὶ
503 1044 563 1084 τὴν
582 1045 785 1085 προαίρεσιν.
827 1044 936 1083 <207>
957 1044 1101 1083 συμβου-

85 1098 171 1129 λεύει
187 1097 298 1138 μέντοι
314 1097 540 1138 φυλάττεσθαι
558 1098 737 1138 γενόμενον
753 1095 902 1127 ἐκποδὼν
916 1096 977 1136 τὴν
992 1095 1102 1127 ἐπιοῦ-

46 1160 71 1179 20
85 1159 147 1182 σαν
174 1150 312 1192 ἡμέραν·
342 1151 441 1188 αὐτὸς
470 1151 530 1191 γαρ
560 1150 767 1181 ἀσπάσεσθαι
796 1150 855 1181 τὸν
881 1148 1019 1193 πατέρα,
1048 1148 1101 1180 καὶ

84 1209 143 1236 τοῦ
171 1208 288 1245 καιροῦ
316 1203 570 1245 παραφανέντος
600 1203 688 1246 αὐτῷ
717 1203 998 1243 διαλεχθήσεσθαι
1027 1201 1101 1243 περὶ

85 1257 198 1297 αὐτοῦ,
222 1255 276 1288 καὶ
301 1257 361 1297 τὴν
385 1258 495 1288 αἰτίαν
519 1257 732 1298 μαθήσεσθαι
756 1255 807 1287 καὶ
834 1256 958 1296 ταύτην
982 1255 1103 1296 ἐκφαυ-

85 1312 205 1350 λίσειν,
234 1310 342 1350 <208>
368 1310 412 1347 ὡς
440 1310 480 1341 οὐ
505 1310 576 1341 δεῖν
605 1309 654 1341 ἐπ’
681 1310 762 1351 αὐτῇ
791 1311 932 1341 κτείνειν
961 1313 1103 1340 τοσαῦτα

85 1362 145 1405 μὲν
168 1363 280 1403 ἀγαθὰ
304 1364 340 1394 τὸ
364 1366 494 1403 πλῆθος
518 1362 758 1404 ἐργασάμενον,
788 1361 963 1403 εὐεργέτην
988 1361 1018 1392 δ’
1045 1361 1102 1393 αὐ-

2 1455 3 1458 ,
47 1421 144 1448 251501‘)
178 1415 412 1457 γεγενημένον,
446 1414 490 1447 δι’
522 1415 541 1447 ἃ
569 1414 623 1447 καὶ
658 1416 857 1456 συγγνώμην
886 1414 927 1446 ἂν
956 1413 1006 1446 ἐπὶ
1035 1420 1105 1452 τοῖς

86 1471 237 1510 μεγίστος
257 1469 488 1510 ἁμαρτήμασιν
508 1470 640 1506 εἰκότως
660 1469 782 1509 εὕρετο.
825 1468 975 1508 (δηλώσω
996 1467 1034 1499 δέ
1052 1476 1103 1499 σοι
1137 1446 1198 1509 εί

85 1522 145 1562 τὴν
169 1527 228 1554 τοῦ
252 1523 375 1563 πατρὸς
399 1521 555 1563 γνώμην.’
601 1522 752 1562 Δαυίδης
780 1519 816 1552 δὲ
845 1520 996 1558 πεισθεὶς
1024 1529 1104 1562 συμ-

87 1576 204 1618 βουλίᾳ
231 1580 352 1617 χρηστῇ
383 1575 592 1613 ὑπεξίσταται
626 1579 683 1615 τῆς
711 1579 770 1606 τοῦ
799 1573 959 1615 βασιλέως
988 1575 1102 1612 ὅψεως.

87 1628 194 1668 <209>
218 1633 256 1670 τῇ
281 1627 311 1660 δ’
339 1628 476 1670 ἐπιούσῃ
499 1629 581 1669 πρὸς
605 1629 664 1660 τὸν
688 1628 844 1659 Σάουλον
865 1626 1025 1668 Ἰωνάθης
1052 1627 1102 1659 ε’λ-
1123 1636 1137 1659 2

50 1688 77 1708 80
88 1681 175 1722 θών,
208 1681 252 1719 ὡς
281 1682 397 1723 ἱλαρόν
430 1693 464 1713 τε
491 1681 544 1712 καὶ
573 1683 731 1722 χαίροντα
757 1680 950 1722 κατέλαβεν,
983 1680 1103 1722 ἤρξατο

157 1744 171 1774 ἓ
191 1744 243 1767 204
265 1755 297 1765 =
319 1746 331 1768 1
353 1742 420 1776 Reg.
441 1742 530 1768 xvm
547 1745 587 1768 ετ.
