1261 1917
543 72 693 97 EBAOMH
1062 70 1125 102 163

111 151 323 192 οἰκοδομῆσαι
349 156 392 194 τῷ
417 155 484 194 θεῷ
505 151 698 192 διανοηθεὶς
717 153 842 193 χρυσόν
866 164 899 184 τε
919 154 1025 184 πολὺν
1043 164 1124 194 παρ-

111 203 335 245 εσκευασάμην
359 202 411 235 καὶ
437 203 585 245 ἀργύρου
605 205 775 236 ταλάντων
794 205 957 247 μυριάδας
980 205 1068 237 δέκα.
1106 206 1123 237 ὁ

111 255 145 288 δὲ
169 257 247 294 θεὸς
270 256 416 288 ἐκώλυσέ
436 269 474 298 με
499 258 554 288 διὰ
574 262 633 289 τοῦ
652 259 825 299 προφήτου
849 258 991 289 Ναθάνα
1015 258 1071 290 διά
1090 271 1124 290 τε

109 311 186 347 τοὺς
213 307 294 351 ὑπὲρ
322 309 417 350 ὑμῶν
444 309 608 351 πολέμους
636 309 689 342 καὶ
718 312 754 342 τὸ
779 312 872 354 φόνῳ
901 317 968 342 τῶν
992 311 1123 353 ἐχθρῶν

83 362 286 404 ιμεμιοένθαι
311 362 371 402 τὴν
395 362 521 403 δεξιάν,
550 364 608 395 τὸν
632 362 662 394 δ’
688 364 764 395 υῐὸν
794 363 943 395 ἐκέλευσε
969 365 1028 395 τὸν
1052 364 1122 395 δια-

108 415 283 457 δεξόμενον
306 415 366 456 τὴν
389 417 561 456 βασιλείαν
584 416 824 447 κατασκευάσαι
844 418 902 448 τὸν
922 418 1005 448 ναὸν
1024 417 1122 460 αὐτῷ.

107 469 213 508 <37⁶2>
242 472 305 499 νῦν
334 465 395 500 οὖν
423 468 491 500 ἐπεὶ
521 467 573 500 καὶ
603 474 647 512 τῷ
678 470 830 512 προγόνῳ
860 469 954 510 ἡμῶν
979 468 1120 513 Ἰακώβῳ

107 521 232 553 δώδεκα
264 522 393 553 παίδων
427 521 614 564 γενομένων
648 526 714 554 ἴστε
744 524 801 555 τὸν
829 522 958 554 Ἰούδαν
990 522 1121 555 ἀποδει-

104 573 228 615 χθέντα
248 574 394 615 βασιλέα,
419 575 475 616 ε’μέ
493 587 526 607 τε
546 581 612 607 τῶν
631 575 786 616 ἀδελφῶν
807 576 840 614 ἓξ
860 577 968 608 ὄντων
987 588 1121 619 προκρι-

66 640 90 659 ιο
104 626 208 659 θέντα
240 626 294 659 καὶ
327 628 387 668 τὴν
421 628 598 670 ἡγεμονίαν
632 630 775 670 λαβόντα
808 630 896 671 παρὰ
933 634 992 661 τοῦ
1025 633 1120 670 θεοῦ,

104 679 157 712 καὶ
191 680 315 722 μηδένα
349 682 452 725 τούτῳ
486 682 748 723 δυσχεράναντα,
784 682 890 720 οὕτως
922 682 1000 720 ἀξιῶ
1032 683 1120 723 κάγὼ

105 735 182 771 τοὺς
201 734 343 776 ἐμαυτοῦ
362 735 482 772 παῖδας
501 736 543 776 μὴ
564 736 748 773 στασιάζειν
769 736 851 777 πρὸς
870 735 1035 776 ἀλλήλους
1055 738 1120 767 Σο-

104 789 253 828 λομῶνος
280 788 340 828 τὴν
368 790 539 829 βασιλείαν
564 790 820 829 παρειληφότος,
849 787 921 820 ἀλλ’
949 788 1119 830 ἐπισταμέ-

106 852 183 878 νους
207 840 250 878 ὡς
274 841 291 873 ὁ
315 842 394 879 θεὸς
417 841 519 873 αὐτὸν
548 840 712 879 ἐξελέξατο
741 840 858 883 φέρειν
886 840 992 882 ἡδέως
1015 842 1118 873 αὐτὸν

64 904 88 923 15
104 894 274 934 δεσπότην.
321 895 427 934 <373>
452 894 492 926 οὐ
521 894 634 926 δεινὸν
661 895 722 935 γὰρ
747 897 830 926 θεοῦ
858 893 1019 932 θέλοντος
1043 894 1115 926 οὐδ’

103 945 263 990 ἀλλοτρίῳ
287 951 463 988 κρατοῦντι
488 948 674 979 δουλεύειν·
698 949 826 989 χαίρειν
851 946 881 978 δ’
909 947 957 979 ἐπ’
984 948 1117 992 ἀδελφῷ

101 1000 220 1040 ταύτης
248 1001 380 1041 τυχόντι
408 1005 465 1041 τῆς
493 1005 588 1041 τιμῆς
616 1002 771 1041 προσήκει
801 1001 845 1038 ὡς
873 1006 1118 1040 κοινωνοῦντας

101 1052 210 1093 αὐτῆς.
248 1053 383 1094 εὔχομαι
405 1054 446 1094 δὴ
466 1054 523 1091 τὰς
541 1053 733 1095 ὑποσχέσεις
752 1059 811 1085 τοῦ
831 1058 915 1086 θεοῦ
934 1058 1117 1095 παρελθεῖν

102 1107 148 1143 εἰς
171 1105 263 1144 τέλος
286 1105 339 1137 καὶ
364 1107 424 1147 τὴν
448 1107 664 1148 εὐδαιμονίαν
690 1107 812 1148 ταύτην
837 1107 900 1139 ἀνὰ
923 1112 1033 1139 πᾶσαν
1057 1109 1117 1149 τὴν

62 1169 86 1187 20
102 1159 211 1200 χώραν
244 1164 408 1201 σπαρῆναι
441 1158 494 1191 καὶ
528 1161 587 1191 τὸν
619 1160 747 1192 ἅπαντα
780 1161 882 1202 ταύτῃ
917 1167 1116 1202 παραμεῖναι

101 1213 233 1253 χρόνον,
256 1212 298 1253 ἣν
317 1212 415 1250 αὐτὸς
434 1212 647 1253 ἐπηγγείλατο
667 1212 820 1255 παρέξειν
842 1212 894 1245 ἐπὶ
915 1216 1116 1256 Σολομῶνος

101 1264 269 1305 βασιλέως.
316 1266 432 1306 <3T4>
467 1267 555 1297 ἔσται
590 1265 625 1297 δὲ
656 1271 757 1298 ταῦτα
786 1266 903 1308 βέβαια
930 1266 984 1298 καὶ
1013 1269 1115 1299 καλὸν

101 1317 163 1355 ἕξει
187 1317 297 1359 πέρας,
322 1318 363 1349 ἂν
387 1319 504 1359 εὐσεβῆ
529 1317 583 1350 καὶ
603 1320 734 1350 δίκαιον
758 1321 881 1351 σαυτὸν
904 1319 956 1351 καὶ
983 1322 1114 1361 φύλακα

100 1376 165 1402 τῶν
189 1373 336 1412 πατρίων
359 1372 526 1413 παράσχῃς
548 1373 670 1413 νόμων,
694 1370 718 1404 ὦ
739 1371 867 1403 τέκνον·
893 1373 922 1403 εἰ
941 1371 976 1404 δὲ
997 1374 1051 1414 μή,
1074 1375 1113 1405 τὰ

59 1433 84 1453 25
98 1426 196 1465 χείρω
220 1425 388 1465 προσδόκα
411 1429 512 1456 ταῦτα
536 1425 772 1466 παραβαίνωνῖ

165 1478 280 1518 <375>
313 1478 329 1509 ὁ
358 1476 419 1519 μὲν
447 1475 508 1509 οὖν
537 1480 690 1519 βασιλεὺς
723 1478 860 1515 τούτους
892 1478 1112 1520 ποιησάμενος

98 1531 174 1567 τοὺς
198 1532 318 1570 λόγους
342 1530 515 1565 ἐπαύσατο,
540 1531 599 1572 τὴν
619 1530 655 1562 δὲ
675 1531 864 1573 διαγραφὴν
888 1530 941 1562 καὶ
961 1532 1021 1572 τὴν
1040 1533 1111 1563 διά-

98 1583 189 1621 ταξιν
212 1588 269 1624 τῆς
293 1584 484 1625 οἰκοδομίας
503 1589 560 1615 τοῦ
580 1589 663 1615 ναοῦ
683 1584 816 1616 πάντων
835 1584 990 1625 ὁρώντων
1010 1586 1110 1617 ἔδωκε

99 1638 288 1677 Σολομῶνι,
314 1639 479 1678 θεμελίων
502 1637 553 1668 καὶ
580 1640 681 1669 οἴκων
704 1636 754 1668 καὶ
782 1636 955 1680 ὑπερῴων,
980 1637 1050 1669 ὅσοι
1076 1650 1109 1669 τε

58 1697 84 1716 80
98 1690 134 1720 τὸ
157 1692 284 1730 πλῆθος
306 1689 360 1721 καὶ
383 1693 514 1731 πηλίκοι
539 1692 575 1722 τὸ
595 1691 680 1728 ὕψος
703 1690 755 1722 καὶ
776 1692 812 1722 τὸ
833 1688 928 1731 εὖρος
948 1690 1108 1732 γένοιντο,

169 1752 182 1782 g
204 1753 251 1777 371
274 1764 306 1772 =
328 1754 340 1776 1
358 1751 448 1777 Paral,
468 1751 583 1778 xxvm
598 1755 622 1778 2.

896 1796 945 1822 11'22

1134 1487 1165 1511 10
