1261 1917
147 97 211 128 358
512 97 782 122 ΑΡΧΑΙΟΛΟΓΙΑΣ

146 178 265 219 μαθὼν
289 179 324 209 τὸ
348 176 421 219 περὶ
446 177 662 217 τούνύπνιον,
686 175 738 208 καὶ
764 176 812 208 ὅτι
836 174 1068 212 κελευσθέντες
1090 175 1154 206 ὑπὸ

146 235 205 262 τοῦ
226 229 385 271 βασιλέως
404 229 491 261 τοῦτ’
509 229 597 272 αὐτῷ
618 230 742 269 δηλοῦν
762 227 1010 271 ἐπιλελησμένῳ,
1031 229 1156 268 φήσαν-

146 295 200 320 τες
227 283 269 324 μὴ
299 284 465 314 δύνασθαι
497 282 694 323 παρώξυναν
725 282 840 322 αὐτόν,
872 281 1070 322 παρεκάλεσε
1097 281 1155 312 τὸν

144 335 295 377 Ἀριόχην
315 337 508 367 εἰσελθόντα
528 336 609 376 πρὸς
627 336 685 366 τὸν
705 333 839 375 βασιλέα
861 336 938 375 μίαν
958 335 1155 374 αἰτήσασθαι

147 389 249 420 νύκτα
268 395 337 426 τοῖς
356 389 481 430 μάγοις,
507 387 572 427 [καὶ
592 388 704 428 ταύτῃ]
725 387 785 427 τὴν
805 386 974 427 ἀναίρεσιν
998 385 1154 426 ἐπισχεῖν·
1171 398 1183 417 5

148 441 288 479 ἐλπίζειν
312 442 373 481 γὰρ
398 442 452 472 διὰ
476 441 594 480 ταύτης
618 439 750 480 δεηθεὶς
777 444 836 471 τοῦ
860 443 942 470 θεοῦ
967 439 1154 478 γνώσεσθαι

146 494 358 525 τούνύπνιον.
405 494 512 533 <199>
537 493 554 524 ὁ
579 491 608 523 δ’
628 491 774 533 Ἀριόχης
797 491 887 523 ταῦτ’
914 492 1088 531 ἀπήγγειλε
1112 495 1156 534 τῷ

147 548 276 586 βασιλεῖ
294 548 465 586 Δανιῆλον
485 545 607 582 ἀξιοῦν.
648 543 701 575 καὶ
727 544 743 575 ὃ
764 542 823 584 μὲν
842 544 967 575 κελεύει
986 545 1046 584 τὴν
1065 543 1157 575 ἀναί-

148 607 239 639 ρεσιν
263 604 329 629 τῶν
352 598 465 639 μάγων
485 597 639 638 ἐπισχεῖν,
663 597 723 633 ἕως
746 596 787 627 ἂν
810 601 878 638 γνῷ
902 597 961 636 τὴν
980 597 1157 637 ὑπόσχεσιν

147 652 207 691 τὴν
225 652 410 691 Δανιήλου·
431 650 447 682 ὁ
468 649 504 681 δὲ
523 656 599 687 παῖς
618 650 695 690 μετὰ
715 654 781 680 τῶν
801 655 970 689 συγγενῶν
988 649 1156 690 ὑποχωρή-
1173 661 1197 680 10

148 712 207 740 σας
229 705 312 744 πρὸς
331 702 449 735 ἑαυτὸν
469 702 512 734 δι’
535 703 612 742 ὅλης
632 702 765 733 [κετεύει
785 703 843 733 τὸν
862 702 944 733 θεὸν
963 706 1020 742 τῆς
1039 703 1158 739 νυκτὸς

148 762 250 787 σῶσαι
278 755 329 787 καὶ
360 758 436 793 τοὺς
465 755 589 796 μα’γους
617 755 669 786 καὶ
698 756 775 792 τοὺς
802 755 1002 795 Χαλδαίους,
1031 751 1081 792 οἷς
1108 755 1160 786 δεῖ

147 808 200 840 καὶ
225 809 345 846 αὐτοὺς
369 808 627 847 συναπολέσθαι,
654 808 819 849 ῥύσασθαι
845 806 880 839 δὲ
903 812 961 848 τῆς
983 812 1042 839 τοῦ
1065 809 1157 848 βασι-

148 861 229 898 λέως
250 862 360 902 ὀργῆς,
380 861 606 902 ἐμφανίσαντα
620 861 680 900 τὴν
700 862 778 897 ὄψιν
798 860 884 902 αὐτῷ
903 859 957 891 καὶ
976 861 1157 900 ποιήσαντα

149 915 253 954 δήλην
276 912 314 954 ἧς
338 914 354 946 ὁ
379 915 532 954 βασιλεὺς
555 912 746 953 ἐπελέληστο
771 914 825 944 διὰ
848 917 905 953 τῆς
928 913 1157 954 παρελθούσης
1172 924 1196 944 15

147 968 266 1004 νυκτὸς
291 967 372 997 ἰδὼν
391 967 471 998 κατὰ
490 967 567 1003 τοὺς
586 966 720 1002 ὕπνους.
763 966 869 1005 <200>
894 965 910 996 ὁ
935 964 971 996 δὲ
990 966 1069 1002 θεὸς
1093 966 1157 1006 ἅμα

147 1020 225 1057 τούς
248 1031 281 1050 τε
305 1019 560 1055 κινδυνεύοντας
584 1018 717 1058 ἐλεήσας
744 1017 797 1048 καὶ
826 1018 884 1049 τὸν
907 1020 1078 1058 Δανιῆλον
1100 1023 1158 1058 τῆς

149 1074 268 1112 σοφίας
287 1071 502 1112 ἀγασάμενος,
526 1072 562 1101 τό
582 1069 609 1101 τ’
632 1071 713 1110 ὄναρ
734 1070 821 1112 αὐτῷ
841 1071 1007 1110 γνώριμον
1027 1069 1157 1110 ἐποίησε

148 1125 202 1156 καὶ
227 1125 286 1165 τήν
306 1126 425 1164 κρίσιν,
449 1124 493 1160 ὡς
512 1123 553 1154 ἂν
571 1122 625 1154 καὶ
645 1124 681 1154 τὸ
702 1124 943 1163 σημαινόμενον
967 1123 983 1153 ὁ
1005 1124 1158 1163 βασιλεὺς
1198 1135 1203 1140 ·

148 1176 225 1219 παρ’
257 1177 359 1208 αὑτοῦ
387 1176 498 1217 μάθοι.
546 1176 653 1215 <201>
681 1178 849 1215 Δανιῆλος
878 1173 913 1206 δὲ
942 1177 1042 1215 γνοὺς
1069 1176 1156 1217 παρὰ
1171 1186 1196 1205 20

149 1235 208 1261 τοῦ
227 1233 311 1261 θεοῦ
331 1233 432 1260 ταῦτα
451 1228 627 1270 περιχαρής
644 1227 823 1267 ἀνίσταται,
843 1227 895 1259 καὶ
916 1233 984 1265 τοῖς
1003 1228 1158 1269 ἀδελφοῖς

150 1283 299 1323 δηλώσας
322 1283 399 1319 τοὺς
417 1281 487 1322 μέν,
512 1281 740 1320 ἀπεγνωκότας
763 1281 825 1320 ἤδη
845 1285 904 1312 τοῦ
929 1282 985 1321 ζῆν
1003 1279 1056 1312 καὶ
1077 1282 1159 1323 πρὸς

148 1336 185 1367 τὸ
209 1335 368 1366 τεθνάναι
397 1335 457 1374 τὴν
486 1334 638 1364 διάνοιαν
667 1335 815 1374 ἔχοντας,
843 1335 889 1370 εἰς
918 1333 1082 1374 εὐθυμίαν
1104 1333 1158 1365 καὶ

148 1389 206 1425 τὰς
224 1387 298 1428 περὶ
318 1392 377 1418 τοῦ
398 1389 473 1427 βίου
493 1387 657 1427 διήγειρεν
677 1386 820 1424 ἐλπίδας,
844 1386 951 1425 <202>
971 1385 1159 1427 εὐχαριστή-

150 1450 208 1478 σας
232 1439 268 1471 δὲ
291 1445 335 1482 τῷ
359 1443 427 1482 θεῷ
451 1438 519 1480 μετ’
546 1439 655 1470 αὐτῶν
680 1440 772 1469 ἔλεον
796 1439 930 1479 λαβόντι
954 1443 1011 1479 τῆς
1031 1438 1158 1479 ἡλικίας
1171 1449 1196 1468 25

150 1493 274 1531 αὐτῶν,
306 1491 484 1533 γενομένης
509 1491 631 1532 ἡμέρας
654 1492 867 1532 παραγίνεται
896 1492 978 1532 πρὸς
999 1490 1158 1532 Ἀριόχην,

149 1545 203 1577 καὶ
228 1546 320 1585 ἄγειν
344 1546 446 1576 αὑτὸν
465 1544 559 1584 ἠξίου
578 1545 660 1585 πρὸς
678 1545 737 1575 τὸν
755 1542 902 1584 βασιλέα·
927 1544 1071 1583 δηλῶσαι
1095 1544 1157 1585 γὰρ

150 1599 237 1640 αὐτῷ
267 1599 446 1638 βούλεσθαι
478 1597 679 1628 τούνύπνιον
708 1597 725 1627 ὅ
754 1604 856 1636 φησιν
890 1596 973 1626 ι’δεῖν
1005 1597 1068 1637 πρὸ
1101 1601 1158 1637 τῆς

114 1659 131 1682 4
150 1651 381 1691 παρελθούσης
400 1651 526 1686 νυκτός.
563 1650 670 1688 <·.)Ο3>
690 1649 850 1679 εἰσελθὼν
870 1647 905 1679 δὲ
925 1649 1006 1688 πρὸς
1024 1649 1082 1680 τὸν
1101 1651 1159 1690 βα-

150 1702 241 1734 σιλεά
260 1705 427 1743 Δανίηλος
446 1707 619 1743 παρῃτεῖτο
639 1706 769 1742 πρῶτον
788 1701 830 1741 μὴ
847 1701 1037 1742 σοφώτερον
1056 1701 1157 1733 αὐτὸν
1171 1710 1196 1729 30

222 1766 235 1795 g
252 1766 301 1789 198
319 1776 350 1784 =
366 1762 433 1787 Dan.
450 1762 474 1787 ΙΙ
493 1764 530 1788 14.
