1261 1917
512 75 661 99 ΕΒΔΟΜΗ
1030 73 1092 103 153

81 158 184 189 εἵλετο
214 158 271 188 τὸν
294 157 452 196 πόλεμον,
483 153 622 196 ᾐτήσατο
651 154 759 191 πάθος
787 154 901 184 κοινὸν
924 152 977 185 καὶ
1002 156 1093 195 βασι-

81 213 172 242 λεῦσι
196 208 248 241 καὶ
273 214 342 245 τοῖς
365 207 569 249 ἀρχομένοις,
594 207 629 238 ἐν
652 204 677 250 ᾧ
696 208 731 238 τὸ
752 205 826 243 δέος
847 209 920 237 ἴσον
939 207 1093 238 ἁπάντων

81 265 216 304 γίνεται,
239 261 407 303 προειπὼν
431 261 480 292 ὅτι
504 262 589 292 πολὺ
613 266 761 301 κρεῖττον
785 260 831 297 εἰς
854 260 911 297 τὰς
932 265 990 291 τοῦ
1010 264 1093 291 θεοῦ

81 322 190 358 χεῖρας
214 314 366 356 ἐμπεσεῖν
390 313 409 354 ’ἣ
432 315 489 351 τὰς
513 319 580 344 τῶν
604 314 778 354 πολεμίων.

53 381 65 400 5
147 369 263 409 <324>
297 366 386 398 ταῦτ’
417 367 559 404 ἀκούσας
592 366 608 397 ὁ
641 367 812 407 προφήτης
845 365 1020 405 ἀπήγγειλε
1049 370 1093 408 τῷ

80 425 162 464 θεῷ·
196 421 213 452 ὃ
243 419 278 452 δὲ
308 422 365 452 τὸν
393 420 510 461 λοιμὸν
537 418 590 450 καὶ
620 419 680 459 τὴν
708 419 844 459 φθορὰν
873 419 994 459 ἔπεμψε
1025 424 1094 456 τοῖς

74 476 248 515 Ἑβραίοις.
296 473 506 513 ἀπέθνησκον
535 471 564 503 δ’
592 472 631 503 οὐ
656 473 883 513 μονοτρόπως,
913 470 984 503 οὐδ’
1012 471 1093 503 ὥστε

81 527 199 570 ῥᾴδιον
222 531 422 567 κατανοῆσαι
447 525 602 566 γενέσθαι
632 525 692 565 τὴν
720 526 833 558 νόσον.
862 524 944 556 ἀλλὰ
973 525 1008 555 τὸ
1034 523 1094 565 μὲν

80 581 181 612 κακὸν
200 580 237 612 ἓν
258 578 308 620 ἦν,
332 581 464 620 μυρίαις
484 577 513 609 δ’
535 578 656 615 αὐτοὺς
675 579 795 615 αἰτίαις
814 577 867 609 καὶ
887 577 1095 618 προφάσεσιν

41 645 67 664 10
81 632 153 665 οὐδ’
185 632 356 673 ἐπινοῆσαι
385 631 590 673 δυναμένους
614 631 807 672 ἀνήρπαζεν.
853 631 968 670 <32ῠ>
997 631 1095 668 ἄλλος

82 687 143 727 γὰρ
168 685 217 717 ἐπ’
244 687 332 729 ἄλλῳ
357 686 577 726 διεφθείρετο,
603 683 655 715 καὶ
681 684 853 715 λανθάνον
877 683 1095 725 ἐπερχόμενον

82 740 117 770 τὸ
139 740 250 770 δεινὸν
269 739 379 776 ὀξεῖαν
398 738 457 778 τὴν
477 737 631 777 τελευτὴν
651 736 798 778 ἐπέφερε,
820 742 886 768 τῶν
905 735 965 777 μὲν
985 738 1096 777 αἰφνι-

83 792 161 829 ὁίως
184 790 253 832 μετ’
279 791 475 832 ἀλγημάτων
499 791 656 831 σφοδρῶν
679 789 734 820 καὶ
752 794 870 831 πικρᾶς
894 789 1016 829 ὀδύνης
1035 789 1095 829 τὴν

84 845 191 886 ψυχὴν
215 843 392 885 ἀφιέντων,
417 843 514 875 ἐνίων
538 842 575 874 δὲ
598 841 651 874 καὶ
675 842 928 884 μαραινομένων
947 847 1016 878 τοῖς
1035 853 1094 873 πα-

42 910 66 928 15
82 899 208 939 θήμασι
232 896 285 928 καὶ
309 896 384 938 μηδ’
412 898 458 934 εἰς
486 896 621 936 κηδείαν
648 894 932 935 ὑπολειπομένων,
961 894 1031 926 ἀλλ’
1060 895 1095 926 ἐν

81 951 168 993 αὐτῷ
188 955 231 993 τῷ
250 950 388 991 κάμνειν
407 951 454 986 εἰς
468 950 504 980 τὸ
519 946 676 986 παντελὲς
691 947 946 989 δαπανωμένων.
986 948 1093 988 <326>

81 1005 116 1035 οἳ
132 1002 161 1034 δ’
180 1003 352 1044 αἰφνίδιον
371 1004 508 1039 σκότους
527 1002 639 1039 αὐτοῖς
658 1002 715 1039 τὰς
734 1002 826 1039 ὄψεις
845 1001 1096 1042 ὑποδραμόντος

79 1061 283 1098 περιπνιγεῖς
306 1054 500 1098 ἀπῴμωζον,
529 1057 611 1086 ἔνιοι
637 1053 673 1086 δὲ
696 1060 762 1086 τῶν
787 1055 918 1085 οἰκείων
942 1055 1016 1085 τινὰ
1040 1067 1094 1094 κη-

81 1109 234 1146 δεύοντες
266 1108 518 1148 ἐπαπέθνησκον
556 1106 682 1138 ἀτελέσι
721 1112 791 1144 weg
825 1112 952 1147 ταφαῖς.
1009 1107 1095 1138 ἀπώ-

41 1173 68 1193 20
82 1165 178 1193 λοντο
203 1161 250 1201 δ’,
275 1160 456 1202 ἀρξαμένης
480 1160 586 1192 ἕωθεν
614 1165 671 1201 τῆς
695 1163 844 1201 λοιμικῆς
872 1161 974 1191 νόσου
997 1162 1095 1201 φθεί-

82 1226 154 1255 ρειν
177 1215 298 1251 αὐτοὺς
321 1214 382 1251 ἕως
406 1214 492 1254 ὥρας
511 1213 657 1254 ἀρίστου,
681 1213 839 1254 μυριάδες
859 1211 947 1244 ἑπτά.
989 1213 1095 1253 (327)

83 1267 218 1306 ἐξέτεινε
248 1266 277 1298 δ’
309 1267 326 1298 ὁ
355 1267 492 1306 ἅγγελος
520 1267 579 1307 τὴν
612 1271 704 1308 χεῖρα
732 1265 786 1297 καὶ
815 1265 867 1297 ἐπὶ
896 1267 934 1297 τὰ
959 1265 1095 1307 Ἱεροσό-

82 1324 180 1362 λυμα,
199 1321 234 1352 τὸ
251 1320 363 1351 δεινὸν
382 1319 510 1351 κάκεῖσε
524 1318 670 1360 πέμπων.
708 1319 725 1351 ὁ
745 1317 781 1350 δὲ
801 1320 955 1360 βασιλεὺς
975 1319 1096 1349 σάκκον

83 1372 301 1414 ἐνδεδυμένος
330 1374 432 1404 ἔκειτο
456 1373 536 1403 κατὰ
560 1377 617 1413 τῆς
641 1377 715 1412 γῆς,
745 1372 899 1403 ἱκετεύων
927 1373 986 1403 τὸν
1014 1372 1097 1403 θεὸν

43 1438 68 1457 25
83 1425 136 1458 καὶ
162 1427 317 1467 δεόμενος
340 1426 402 1465 ἤδη
423 1428 573 1465 λωφῆσαι
597 1423 650 1456 καὶ
680 1430 748 1461 τοῖς
772 1424 980 1456 ἀπολωλόσιν
1004 1424 1097 1465 ἀρκε-

84 1478 207 1511 σθέντα
226 1479 428 1510 παύσασθαι.
466 1477 654 1518 ἀναβλέψας
673 1476 703 1508 δ’
726 1478 772 1514 εἰς
792 1479 849 1509 τὸν
869 1476 948 1519 ἀέρα
968 1477 985 1509 ὁ
1006 1479 1097 1518 βασι-

84 1533 169 1571 λεύς,
188 1530 242 1563 καὶ
262 1531 468 1572 θεασάμενος
487 1531 545 1562 τὸν
564 1531 705 1571 ἄγγελον
725 1529 769 1561 δι’
790 1530 892 1561 αὐτοῦ
912 1532 1098 1571 φερόμενον

84 1585 136 1617 ἐπὶ
164 1586 203 1616 τὰ
227 1584 436 1626 Ἱεροσόλυμα
465 1583 518 1615 καὶ
547 1583 711 1624 μάχαιραν
740 1582 960 1624 ἐσπασμένον,
989 1584 1097 1623 (328)

84 1636 153 1670 εἶπε
177 1638 259 1679 πρὸς
283 1638 341 1669 τὸν
365 1638 447 1668 θεὸν
471 1637 514 1674 ὡς
538 1637 636 1674 αὐτὸς
660 1639 709 1676 εἴη
738 1637 864 1673 δίκαιος
892 1639 1098 1677 κολασθῆναι

44 1700 71 1720 80
85 1692 102 1724 ὁ
126 1692 259 1732 ποιμήν,
284 1691 321 1722 τὰ
347 1689 382 1721 δὲ
406 1691 543 1731 ποίμνια
563 1690 724 1728 σώζεσθαι
745 1688 848 1730 μηδὲν
867 1689 1098 1731 ἐξαμαρτόντα,

156 1756 170 1784 ξ
190 1754 242 1777 3⁶34
263 1764 293 1772 =
315 1754 329 1776 2
350 1751 418 1784 Reg⁴
439 1750 529 1776 XXIV
545 1753 585 1776 15.
