1261 1917
535 80 678 104 AEKATH
1049 79 1113 110 357

100 164 196 192 τοῦτο
220 163 379 201 καθαρῶν
402 159 455 191 καὶ
479 161 561 201 πρὸς
585 160 644 200 τὴν
668 161 821 191 παιδείαν
845 160 1040 200 ἀκραιφνῶν
1063 172 1115 200 γε-

100 212 289 255 γενημένων
312 212 364 244 καὶ
385 219 451 244 τῶν
471 213 631 254 σωμάτιον
650 214 733 254 πρὸς
752 215 953 254 φιλοπονίαν
976 213 1115 245 εὐτονω-

100 266 204 308 τέρων
227 265 318 308 (οὔτε
346 267 408 306 γὰρ
433 265 560 303 ἐκείνας
585 265 756 306 ἐλωβῶντο
785 265 838 297 καὶ
867 268 1002 307 βαρείας
1026 264 1115 307 εἶχον

100 319 162 351 ὑπὸ
187 323 311 360 τροφῆς
334 321 494 359 ποικίλης,
519 319 594 350 οὔτε
618 323 720 350 ταῦτα
744 320 956 360 μαλακώτερα
981 320 1035 350 διὰ
1055 319 1115 359 τὴν

72 384 83 402 5
99 372 203 412 αὐτὴν
226 371 361 413 αἰτίαν),
384 377 493 403 πᾶσαν
517 370 655 412 ἑτοίμως
674 370 837 413 ἐξέμαθον
856 373 1020 411 παιδείαν,
1047 372 1116 412 ἥτις

101 422 140 465 ἧν
167 425 255 465 παρὰ
284 430 352 461 τοῖς
371 423 535 465 Ἑβραίοις
563 423 616 455 καὶ
646 429 714 462 τοῖς
741 425 928 462 Χαλδαίοις.
975 424 1115 465 μάλιστα

99 476 134 509 δὲ
158 480 337 518 Δανιῆλος,
363 478 482 515 [κανῶς
509 477 568 517 ἤδη
594 479 714 518 σοφίας
739 477 899 519 ἐμπείρως
923 478 1017 519 ἔχων,
1040 477 1115 518 περὶ

98 532 221 571 κρίσεις
245 531 386 571 ὀνείρων
410 529 618 561 ἑσπουδάκει’
644 529 697 562 καὶ
722 532 757 562 τὸ
783 534 879 562 θεῖον
903 531 991 573 αὐτῷ
1015 542 1115 571 φανε-

99 584 159 624 ρὸν
184 583 318 623 ε’γίνετο.

58 648 83 668 10
166 637 283 676 095>
307 636 386 676 μετὰ
411 634 440 666 δ’
468 636 539 672 ἔτος
568 636 724 676 δεύτερον
753 640 810 676 τῆς
834 637 1007 676 Αἰγύπτου
1036 648 1115 678 πορ-

98 691 228 729 θήσεως
251 689 268 720 ὁ
288 689 442 729 βασιλεὺς
463 689 804 729 Ναβουχοδονόσορος
827 690 909 730 ὄναρ
930 690 1012 721 ἰδὼν
1032 693 1116 721 θαυ-

98 743 232 783 μαστόν,
257 739 297 773 οὗ
321 742 381 782 τὴν
405 743 540 782 ἔκβασιν
564 741 662 778 αὐτὸς
687 741 774 784 αὐτῷ
794 743 874 773 κατὰ
894 744 971 780 τοὺς
990 742 1116 780 ’ὕπνους

99 795 264 835 ἐδήλωσεν
287 795 304 826 ὁ
330 796 418 832 θεός,
443 795 562 825 τούτου
582 792 642 835 μὲν
662 793 918 826 ἐπιλανθάνεται
939 796 1116 833 διαναστὰς

99 847 134 879 ἐκ
158 852 215 888 τῆς
238 849 358 888 κοίτης,
382 847 674 888 μεταπεμψάμενος
698 846 735 879 δὲ
753 849 831 885 τοὺς
852 849 1039 885 Χαλδαίους
1061 847 1116 879 καὶ

59 913 83 932 15
99 904 177 938 τοὺς
200 901 326 942 μάγους
344 899 397 932 καὶ
418 902 495 938 τοὺς
515 900 658 941 μάντεις,
683 901 727 938 ὡς
751 904 800 941 εἴη
821 913 850 932 τι
871 902 952 941 ὄναρ
973 900 1117 942 ἑορακὼς

99 955 210 994 ἔλεγεν
234 954 361 993 αὐτοῖς,
384 953 437 984 καὶ
462 954 498 984 τὸ
523 955 729 994 συμβεβηκὸς
753 953 828 995 περὶ
853 954 912 994 τὴν
936 955 1045 994 λήθην
1070 951 1117 985 ὧν

99 1004 164 1038 εἶδε
184 1007 320 1048 μηνύων
340 1005 509 1038 ἐκέλευσεν
529 1006 649 1044 αὐτοὺς
669 1005 777 1046 λέγειν
797 1007 814 1038 ὅ
835 1019 864 1038 τι
885 1006 911 1038 τ’
934 1005 974 1047 ἦν
993 1004 1116 1048 τοῦναρ

98 1059 151 1091 καὶ
177 1060 194 1091 ὅ
218 1072 248 1091 τι
273 1061 433 1100 σημαίνει.
480 1060 589 1099 <196>
618 1065 685 1091 τῶν
709 1059 739 1090 δ’
766 1059 934 1091 ἀδύνατον
958 1057 1042 1091 εἶναι
1067 1063 1118 1092 λε-

99 1114 227 1153 γόντων
250 1111 442 1153 ἀνθρώποις
469 1111 564 1143 τοῦθ’
593 1112 717 1152 εὑρεῖν,
746 1113 776 1143 εί
800 1111 829 1143 δ’
857 1112 956 1150 αὐτὸς
984 1114 1116 1144 ε”κθοιτο

59 1177 85 1196 20
99 1166 159 1206 τὴν
188 1167 267 1201 ὄψιν
298 1166 516 1205 τούνυπνιόυ,
548 1165 690 1205 φράσειν
718 1166 753 1196 τὸ
783 1167 1026 1207 σημαινόμενον
1058 1167 1117 1197 ὑπ-

101 1217 338 1259 ισχνουμένων,
362 1218 510 1249 θάνατον
535 1217 712 1258 ἠπείλησεν
733 1217 857 1255 αὐτοῖς,
882 1219 912 1249 εί
930 1219 973 1259 μὴ
994 1216 1116 1261 τοῦναρ

101 1275 233 1303 εἴποιεν.
281 1272 398 1311 <19ῖ>
421 1270 599 1312 προσέταξε
628 1269 663 1302 δὲ
693 1271 817 1308 πάντας
841 1272 962 1309 αὐτοὺς
987 1272 1117 1313 ἀναιρε-

100 1328 215 1365 θῆναι,
238 1329 373 1364 ποιῆσαι
398 1325 433 1355 τὸ
458 1322 639 1355 κελευσθὲν
664 1324 931 1365 ὁμολογήσαντας
954 1325 997 1366 μὴ
1018 1326 1119 1356 δύνα-

101 1381 191 1409 σθαι.
227 1380 396 1417 Δανιῆλος
416 1376 446 1408 δ’
468 1377 611 1414 ἀκούσας
631 1378 680 1408 ὅτι
700 1377 877 1417 προσέταξε
897 1378 1023 1415 πάντας
1042 1380 1118 1415 τοὺς

60 1442 85 1462 25
101 1432 227 1471 σοφοὺς
247 1431 264 1462 ὁ
284 1431 438 1471 βασιλεὺς
458 1429 653 1467 ἀποθανεῖν,
679 1429 714 1461 ἐν
734 1430 863 1467 τούτοις
887 1428 923 1461 δὲ
942 1429 996 1461 καὶ
1017 1431 1118 1462 αὐτὸν

100 1484 179 1525 μετὰ
204 1489 270 1515 τῶν
295 1488 466 1523 συγγενῶν
485 1483 705 1520 κινδυνεύειν,
729 1484 901 1524 πρόσεισιν
921 1482 1050 1525 Ἀριόχῃ
1074 1488 1118 1526 τῷ

101 1537 160 1577 τὴν
185 1535 237 1568 ἐπὶ
261 1542 327 1567 τῶν
352 1536 641 1577 σωματοφυλάκων
666 1540 724 1567 τοῦ
750 1535 910 1577 βασιλέως
934 1536 1038 1577 ἀρχὴν
1062 1548 1116 1568 πε-

101 1589 316 1632 πιστευμένῳ,
341 1590 449 1629 <198>
474 1588 527 1620 καὶ
553 1588 686 1629 δεηθεὶς
705 1588 781 1630 παρ’
805 1589 907 1621 αὐτοῦ
929 1590 988 1630 τὴν
1009 1590 1119 1621 αἰτίαν

102 1645 224 1684 μαθεῖν
244 1641 287 1673 δι’
308 1642 346 1682 ἢν
367 1642 384 1674 ὁ
399 1643 554 1683 βασιλεὺς
569 1642 693 1679 πάντας
713 1645 762 1682 εἴη
782 1643 1009 1683 προστεταχὼς
1027 1643 1119 1674 ἀναι-

62 1704 87 1723 30
103 1699 244 1737 ρεθῆναι
268 1696 346 1733 τοὺς
369 1697 495 1736 σοφοὺς
520 1694 572 1726 καὶ
600 1696 787 1733 Χαλδαίους
815 1695 866 1726 καί
897 1696 1038 1736 μάγους,
1065 1695 1119 1726 καὶ

173 1759 187 1788 ξ
205 1759 253 1782 194
270 1769 303 1777 =
319 1755 387 1781 Dan.
406 1755 417 1781 Ι
435 1759 474 1781 17.
