1261 1917
541 39 662 63 ENATH
1042 35 1106 67 279

158 119 244 158 <95>
261 117 415 159 Ἰώραμος
434 117 464 149 δ’
487 118 503 149 ὁ
524 124 590 149 τῶν
606 117 843 159 Ἱεροσολύμων
864 118 1019 158 βασιλεύς
1038 116 1105 159 (καὶ
1126 117 1147 147 5

91 173 196 214 τούτῳ
222 173 283 213 γὰρ
310 169 348 212 ἧν
372 171 482 210 ταύτό,
506 172 618 208 καθὼς
642 172 884 212 προειρήκαμεν
908 172 1107 212 ἔμπροσθεν,

92 224 209 266 ὄνομα)
233 225 434 266 παραλαβὼν
462 219 522 265 τὴν
546 224 650 265 ἀρχὴν
674 223 778 261 εὐθὺς
807 222 858 255 ἐπὶ
886 224 1018 264 σφαγὴν
1042 229 1108 255 τῶν

91 277 246 318 ἀδελφῶν
269 277 372 308 αὐτοῦ
396 276 449 308 καὶ
474 283 540 308 τῶν
563 276 724 320 πατρῴων
749 278 872 317 φίλων,
902 278 936 307 οἳ
956 275 1009 307 καὶ
1037 276 1107 316 ἡγεᾼ

63 340 76 358 5
91 332 189 371 μόνες
208 328 302 370 ἦσαν,
323 330 496 371 ἐχώρησεν,
516 330 577 370 τὴν
596 329 701 371 ἀρχὴν
720 329 773 361 καὶ
794 330 854 370 τὴν
873 329 1031 367 ἐπίδειξιν
1051 334 1108 370 τῆς

90 385 249 424 πονηρίας
274 383 431 414 ἐντεῦθεν
456 383 689 424 ποιησάμενος,
718 382 769 414 καὶ
801 380 904 423 μηδὲν
929 383 1107 422 διενεγκὼν

90 441 157 467 τῶν
180 441 239 467 τοῦ
257 435 384 477 Ἰσραὴλ
405 435 578 477 βασιλέων,
603 437 636 466 οἳ
658 441 782 477 πρῶτοι
806 437 1039 477 παρενόμησαν
1061 436 1107 473 είς

89 490 128 520 τὰ
152 489 272 530 πάτρια
297 494 363 520 τῶν
383 487 545 530 Ἑβραίων
575 490 636 529 ἔθη
665 487 718 520 καὶ
747 489 808 529 τὴν
831 493 890 520 τοῦ
917 491 1000 519 θεοῦ
1023 491 1107 529 θρή-

90 543 212 573 σκείαν.
255 542 340 582 <913>
362 541 490 580 ἐδίδαξε
511 541 540 573 δ’
563 542 665 573 αὐτὸν
684 541 723 573 τά
746 541 774 573 τ’
796 542 879 573 ἄλλα
901 539 985 573 εἶναι
1006 543 1107 573 κακὸν

51 605 75 623 10
89 594 142 626 καὶ
173 595 212 635 δὴ
241 594 294 626 καὶ
325 595 473 633 ξενικοὺς
496 596 598 632 θεοὺς
625 600 826 636 προσκυνεῖν
854 595 1015 634 Γοθολία,
1044 598 1107 626 θυ-

90 648 191 688 γάτηρ
221 646 280 689 μὲν
306 647 460 689 Ἀχάβου,
489 652 689 679 συνοικοῦσα
719 647 749 679 δ’
776 648 872 690 αὐτῷ.
919 647 973 678 καὶ
1003 648 1020 679 ὁ
1047 646 1107 688 μὲν

89 702 168 738 θεὸς
197 702 252 732 διὰ
280 701 340 741 τὴν
368 702 450 741 πρὸς
475 702 630 741 Δαυίδην
656 701 835 742 ὁμολογίαν
864 701 924 732 οὐκ
953 699 1106 741 ἐβούλετο

89 755 208 785 τούτου
232 756 268 785 τὸ
293 754 389 794 γένος
415 753 625 794 ἐξαφανίσαι,
652 753 806 794 Ἰώραμος
835 752 865 784 δ’
891 753 931 785 οὐ
960 753 1106 785 διέλιπεν

89 805 225 847 ἑκάστης
252 806 371 848 ἡμέρας
395 812 605 847 καινουργῶν
630 805 678 837 ἐπ’
702 806 834 848 ἀσεβείᾳ
857 805 911 837 καὶ
931 807 1018 847 λύμῃ
1039 812 1106 838 τῶν

50 869 73 887 15
90 859 274 901 ἐπιχωρίων
299 859 456 900 ἐθισμῶν.
504 860 588 899 <97>
613 859 827 890 ἀποστάντων
851 857 882 889 δ’
907 859 1009 890 αὐτοῦ
1032 859 1103 891 κατ’

89 911 217 944 ἐκεῖνον
240 913 299 943 τὸν
322 913 439 953 καιρὸν
462 917 529 943 τῶν
550 911 759 953 Ἰδουμαίων,
782 910 835 943 καὶ
860 913 919 943 τὸν
943 910 1004 953 μὲν
1027 914 1106 954 πρό-

88 977 184 1006 τερον
209 965 474 996 ἀποκτεινάντων
498 964 648 1006 βασιλέα,
677 965 713 1002 ὃς
740 965 907 1005 ὑπήκουεν
935 965 1038 997 αὐτοῦ
1062 971 1106 1009 τῷ

87 1020 197 1059 πατρί,
221 1018 260 1049 ὃν
280 1017 310 1049 δ’
334 1017 511 1059 ἐβούλοντο
532 1017 626 1049 αὐτοὶ
646 1019 930 1058 καταστησάντων,
951 1017 1106 1060 Ἰώραμος

88 1072 166 1112 μετὰ
191 1077 257 1102 τῶν
281 1070 355 1112 περὶ
380 1071 481 1102 αὑτὸν
502 1070 628 1102 ἱππέων
651 1070 702 1102 καὶ
724 1077 791 1102 τῶν
810 1071 964 1113 ἁρμάτων
987 1073 1106 1110 νυκτὸς

49 1133 74 1152 ‘20
89 1125 136 1161 εἰς
164 1125 224 1165 τὴν
249 1123 438 1165 Ἰδουμαίαν
468 1123 616 1165 ἐνέβαλε,
647 1123 698 1155 καὶ
732 1125 809 1161 τοὺς
837 1122 898 1165 μὲν
928 1123 1020 1165 πέριξ
1049 1130 1106 1165 τῆς

89 1177 192 1208 αὑτοῦ
212 1179 380 1218 βασιλείας
399 1176 581 1218 διέφθειρε,
601 1176 797 1218 πορρωτέρω
818 1176 848 1208 δ’
867 1177 906 1208 οὐ
925 1180 1105 1218 προῆλθεν.

89 1232 183 1270 0¹8>
208 1231 314 1270 ὤνησε
338 1229 449 1270 μέντοι
474 1235 571 1261 τοῦτο
596 1231 735 1270 ποιήσας
759 1229 872 1262 οὐδέν·
900 1230 1020 1268 πάντες
1043 1232 1105 1272 γὰρ

89 1283 275 1323 ἀπέστησαν
299 1283 416 1323 αὐτοῦ,
444 1282 497 1314 καὶ
526 1284 560 1314 οἱ
583 1284 643 1323 τὴν
671 1284 782 1324 χώραν
809 1284 870 1323 τὴν
898 1283 1106 1324 καλουμένην

90 1336 263 1376 Λάβαιναν
287 1337 471 1377 νεμόμενοι.
518 1334 559 1376 ἧν
584 1335 613 1367 δ’
641 1336 745 1373 οὕτως
773 1336 918 1377 ἐμμανὴς
942 1337 1023 1367 ὥστε
1047 1338 1106 1368 τὸν

49 1397 73 1417 25
88 1389 170 1420 λαὸν
196 1389 375 1429 ἠνάγκαζεν
400 1388 451 1420 ἐπὶ
476 1390 514 1420 τὰ
538 1389 648 1430 ὑψηλὰ
672 1395 738 1420 τῶν
765 1389 854 1430 ὀρῶν
882 1389 1105 1430 ἀναβαίνοντα

87 1448 289 1483 προσκυνεῖν
313 1443 390 1479 τοὺς
414 1442 609 1483 ἀλλοτρίους
633 1443 744 1479 θεούς.

154 1496 239 1535 <ἓ>9>
263 1500 365 1526 ταῦτα
385 1494 414 1526 δ’
439 1495 526 1538 αὐτῷ
546 1495 722 1536 πράττοντι
742 1494 795 1526 καὶ
815 1494 933 1532 τελέως
952 1495 1104 1537 ἑκβεβλη-
1124 1505 1139 1528 2

88 1549 157 1579 κότι
191 1552 249 1588 τῆς
280 1548 430 1585 διανοίας
460 1549 499 1579 τὰ
529 1548 650 1589 πάτρια
682 1550 805 1589 νόμιμα
835 1549 997 1589 κομίζεται
1025 1548 1102 1590 παρ’

87 1599 202 1632 Ἠλίου
231 1605 290 1632 τοῦ
314 1602 487 1642 προφήτου
512 1600 574 1644 (ἔτι
604 1602 665 1643 γὰρ
695 1600 746 1632 ἐπὶ
776 1606 836 1642 γῆς
859 1598 915 1643 ἧν)
940 1600 1105 1643 ἐπιστολή,

48 1661 73 1679 30
88 1653 106 1693 ἢ
136 1654 194 1685 τὸν
226 1654 309 1685 θεὸν
343 1653 462 1694 ἐδήλου
495 1654 641 1695 μεγάλην
673 1653 749 1694 παρ’
781 1654 883 1686 αὐτοῦ
917 1656 1106 1696 ληψόμενον

158 1717 172 1746 ξ]
188 1717 220 1740 95
242 1727 274 1736 =
294 1718 311 1740 4
324 1715 393 1749 Reg.
410 1715 473 1740 VIII
491 1718 534 1745 163
556 1717 571 1740 ‘2
587 1715 678 1741 Paral.
695 1714 756 1740 XXI
770 1718 791 1741 1.
