1261 1917
129 56 193 87 {218
492 59 763 84 ΑΡΧΑΙΟΛΟΓΙΑΣ

123 136 233 177 <229>
261 135 351 168 ταῦτ’
379 138 479 169 εἰπὼν
508 137 685 179 ἐξηπάτησε
713 141 770 171 τὸν
799 141 880 171 λαὸν
907 139 960 172 καὶ
988 145 1045 181 τῆς
1072 152 1132 172 πα-

125 190 220 230 τριόυ
248 192 425 231 θρησκείας
453 191 657 229 ἀποστάντας
685 191 816 233 ἐποίησε
844 195 1030 235 παραβῆναι
1055 195 1132 231 τοὺς

124 243 254 282 νόμους.
292 242 373 284 ἀρχὴ
397 249 506 274 κακῶν
531 243 658 283 ἐγένετο
682 250 778 277 τοῦτο
802 251 871 283 τοῖς
892 245 1055 287 Ἑβραίοις
1078 245 1130 276 καὶ

124 299 182 325 τοῦ
210 294 338 339 πολέμῳ
367 295 590 337 κρατηθέντας
618 297 681 328 ὑπὸ
705 303 771 328 τῶν
796 297 993 339 ἀλλοφύλων
1018 299 1132 339 αἰχμα-

124 349 226 390 λωσίᾳ
249 354 444 389 περιπεσεῖν.
1145 361 1157 381 5

189 400 270 432 ἀλλὰ
294 406 395 432 ταῦτα
419 400 479 442 μὲν
497 403 577 433 κατὰ
596 403 706 444 χώραν
726 404 928 444 δηλώσομεν·
954 404 1061 444 <230>
1081 403 1132 435 ε’ν-

124 453 242 493 στάσης
276 452 311 485 δὲ
339 459 396 494 τῆς
424 454 537 495 ἑορτῆς
566 454 693 498 ἑβδόμῳ
722 458 815 497 μηνί,
848 458 1049 497 βουλόμενος
1077 456 1131 488 καὶ

122 505 220 543 αὐτὸς
244 505 279 536 ἐν
299 507 432 547 Βεθήλῃ
456 508 577 547 ταύτην
601 507 736 548 ἀγαγεῖν
761 509 868 550 ὥσπερ
894 508 1053 551 ἑώρταζον
1077 508 1130 540 καὶ

121 559 157 589 αἱ
184 559 244 589 δύο
274 558 375 599 φυλαὶ
404 558 438 590 ἐν
458 558 709 601 Ἱεροσολύμοις,
740 562 908 602 οἰκοδομεῖ
930 560 990 603 μὲν
1012 566 1130 593 θυσια-

122 612 256 652 στήριον
279 612 342 651 πρὸ
366 616 423 652 τῆς
448 612 626 653 δαμάλεως,
650 615 826 654 γενόμενος
850 613 880 644 δ’
904 615 1001 651 αὐτὸς
1025 614 1131 655 ἀρχιε-
1147 624 1171 643 10

121 665 197 705 ρεὺς
222 662 273 694 ἐπὶ
298 664 355 695 τὸν
379 665 491 704 βωμὸν
515 664 684 705 ἀναβαίνει
709 667 772 697 σὺν
794 672 863 703 τοῖς
883 667 981 703 ἰδίοις
1001 667 1132 707 ιἐρεῦσι.

121 717 229 756 <231>
253 714 429 757 μέλλοντος
452 716 481 747 δ’
504 716 673 758 ἐπιφέρειν
692 719 749 755 τὰς
770 720 892 755 θυσίας
911 718 964 749 καὶ
984 719 1040 756 τὰς
1060 719 1132 750 ὁλο-

120 770 299 806 καυτώσεις
323 769 358 800 ἐν
382 771 455 807 ὄψει
479 774 537 800 τοῦ
559 773 641 801 λαοῦ
660 772 792 811 παντός,
817 772 1032 812 παραγίνεται
1051 773 1133 813 πρὸς

122 821 223 853 αὐτὸν
252 821 283 859 ἐξ
308 821 543 863 Ἱεροσολύμων
571 823 755 864 προφήτης,
784 822 897 855 Ἰαδὼν
926 825 1043 865 ὄνομα,
1072 829 1131 856 τοῦ

121 877 204 905 θεοῦ
232 873 433 915 πέμψαντος,
462 875 498 912 ὃς
526 874 660 912 σταθεὶς
689 875 724 906 ἐν
748 875 834 919 μέσῳ
860 881 903 919 τῷ
927 878 1048 917 πλήθει
1072 882 1130 909 τοῦ
1147 887 1170 906 15

120 926 280 967 βασιλέως
308 927 485 964 ἀκούοντος
512 925 580 958 εἶπε
604 927 695 967 τάδε,
724 930 806 969 πρὸς
829 930 866 960 τὸ
890 930 1131 971 θυσιαστήριον

119 981 316 1020 ποιούμενος
335 982 411 1017 τοὺς
435 981 562 1020 λόγους.
609 980 716 1021 <232>
740 981 768 1012 εὁ
793 982 873 1018 θεὸς
897 983 1035 1013 ἔσεσθαί
1056 995 1129 1013 τινα

121 1031 271 1073 προλέγει
297 1032 331 1063 ἐκ
354 1037 413 1064 τοῦ
432 1034 584 1064 Δαυίδου
608 1032 713 1073 γένος,
735 1033 863 1065 Ἰωσίαν
883 1036 997 1075 ὄνομα,
1022 1035 1058 1072 ὃς
1078 1034 1128 1066 ἐπὶ

122 1089 182 1116 σοῦ
206 1085 303 1116 θύσει
327 1087 404 1122 τοὺς
429 1086 612 1126 ψευδιερεῖς
636 1087 712 1123 τοὺς
735 1085 804 1117 κατ’
830 1085 956 1118 ἐκεῖνον
980 1089 1037 1118 τὸν
1060 1100 1130 1119 και-

122 1149 182 1179 ρον
202 1137 451 1179 γενησομένους,
474 1137 527 1169 καὶ
548 1139 586 1169 τὰ
606 1139 684 1169 ὀστᾶ
704 1144 770 1169 τῶν
790 1139 986 1171 λαοπλάνων
1006 1141 1132 1172 τούτων
1146 1150 1172 1168 20

122 1189 176 1221 καὶ
201 1190 399 1221 ἀπατεώνων
422 1189 475 1221 καὶ
500 1190 628 1231 ἀσεβῶν
653 1190 705 1222 ἐπὶ
729 1196 790 1222 σοῦ
814 1192 936 1223 καύσει.
979 1193 1033 1223 ἵνα
1057 1192 1131 1233 μέν-

124 1255 173 1274 τοι
199 1255 234 1283 γε
258 1243 476 1274 πιστεύσωσιν
501 1240 592 1274 οὗτοι
617 1242 713 1274 τοῦθ’
741 1243 844 1281 οὕτως
869 1244 968 1285 ἕξειν,
997 1251 1132 1286 σημεῖον

122 1295 234 1332 αὐτοῖς
261 1301 390 1337 προερῶ
419 1297 654 1336 γενησόμενον·
684 1296 858 1337 ῥαγήσεται
887 1298 923 1328 τὸ
952 1299 1132 1338 θυσιαστή-

122 1361 196 1389 ριον
224 1353 433 1389 παραχρῆμα,
466 1347 519 1379 καὶ
549 1353 635 1379 πᾶσα
664 1348 682 1388 ἡ
713 1348 762 1380 ἐπ’
789 1349 891 1381 αὐτοῦ
919 1351 1036 1391 πιμελὴ
1066 1356 1131 1382 τῶν

124 1402 252 1442 ἱερείων
272 1400 324 1432 ἐπὶ
344 1406 406 1441 γῆν
425 1401 626 1442 χυθήσεταιῖ
664 1402 772 1441 <233>
792 1401 881 1433 ταῦτ’
905 1403 1053 1440 εἰπόντος
1073 1408 1130 1435 τοῦ
1145 1412 1170 1432 25

123 1455 296 1495 προφήτου
316 1453 537 1495 παροξυνθεὶς
557 1454 573 1485 ὁ
585 1453 790 1495 Ἱεροβόαμος
805 1454 940 1492 ἐξέτεινε
955 1456 1014 1495 τὴν
1028 1461 1130 1496 χεῖρα,

123 1507 266 1538 κελεύων
291 1509 468 1547 συλλαβεῖν
488 1506 597 1538 αὐτόν.
636 1506 828 1548 ἐκτεταμένη
849 1506 878 1538 δ’
899 1507 918 1547 ἡ
939 1507 1008 1548 χεὶρ
1029 1507 1130 1545 εὐθὺς

123 1561 282 1600 παρείθη,
308 1558 361 1590 καὶ
386 1558 491 1590 οὐκέτ’
519 1562 631 1600 ἴσχυεν
655 1559 758 1599 αὐτὴν
780 1561 862 1600 πρὸς
886 1560 986 1591 αὑτὸν
1010 1560 1129 1600 ἀναγα-

123 1618 205 1651 γεῖν,
225 1611 306 1643 ἀλλὰ
326 1616 566 1653 νεναρκηκυῖαν
585 1610 638 1642 καὶ
656 1612 775 1653 νεκραν
791 1609 876 1652 εἶχεν
891 1611 1128 1653 ἀπηρτημένην.

123 1663 244 1706 ἐρράγη
270 1662 305 1695 δὲ
329 1663 382 1695 καὶ
406 1665 442 1695 τὸ
467 1664 716 1705 θυσιαστήριον,
740 1663 793 1695 καὶ
817 1664 1001 1705 κατηνέχθη
1024 1665 1128 1696 πάντα
1143 1674 1168 1693 30

193 1728 206 1755 ξ
223 1727 273 1750 ‘230
294 1738 327 1746 =
348 1728 362 1750 3
379 1724 446 1758 Reg.
468 1724 574 1750 X1132.
