1261 1917
120 72 184 104 366
487 75 756 99 ΑΡΧΑΙοΛοΓΙΛΣ

120 153 260 194 μηδενὸς
283 154 385 185 ἄλλου
410 153 614 194 δυνηθέντος
634 155 737 185 εἰπεῖν
756 153 829 195 περὶ
849 151 896 185 ὧν
915 155 1055 195 ἔχρῃζεν,
1080 155 1126 191 εἰς

120 212 191 246 φῶς
215 206 314 245 ἤγαγε
337 206 375 237 τὰ
397 207 583 247 ζητούμενα.
624 207 731 247 <238>
751 207 1042 248 μεταπεμψάμενον
1065 204 1126 238 οὖν

120 258 220 289 αὐτὸν
244 258 338 298 ἠξίου
361 258 437 300 παρ’
460 259 561 291 αὐτοῦ
584 259 817 291 πυνθάνεσθαι
841 258 915 301 περὶ
935 265 1002 291 τῶν
1025 271 1127 300 γραμ-

120 310 231 351 μάτων
254 310 307 341 καὶ
331 311 391 351 τὴν
414 311 562 352 ἀμαθίαν
590 313 650 352 τὴν
677 318 744 343 τῶν
772 312 831 352 οὐχ
856 312 1021 352 εὑρόντων
1044 311 1126 342 αὐτὰ

119 365 342 404 κατακρίνειν,
365 363 426 395 κᾶν
450 366 650 405 σκυθρωπὸν
674 362 693 406 ᾖ
717 366 753 396 τὸ
777 365 840 396 ὑπὸ
865 368 948 396 θεοῦ
972 366 1126 405 σημαινό-

120 426 229 456 μενον.
277 416 393 455 <239>
421 415 511 447 ταῦτ’
539 416 679 453 ἀκούσας
707 419 800 447 καλεῖ
826 417 883 448 τὸν
910 419 1081 457 Δανιῆλον
1110 417 1126 448 ὁ

120 468 346 508 Βαλτάσαρος,
378 468 431 499 καὶ
464 468 649 509 διαλεχθεὶς
678 469 721 506 ὡς
748 470 889 500 πύθοιτο
918 468 991 511 περὶ
1025 470 1127 501 αὐτοῦ

119 519 173 551 καὶ
197 525 254 561 τῆς
278 523 407 561 σοφίας,
432 522 480 552 ὅτι
503 522 538 552 τὸ
558 525 654 553 θεῖον
674 521 760 564 αὐτῷ
779 526 907 562 πνεῦμα
927 522 1128 563 συμπάρεστι

120 572 173 604 καὶ
202 575 302 614 μόνος
330 573 473 615 ἐξευρεῖν
502 575 698 611 ἱκανώτατος
725 574 745 605 ἃ
773 575 815 615 μή
844 580 912 611 τοῖς
942 575 1054 611 ἄλλοις
1082 575 1128 611 εἰς

121 624 271 657 ἐπίνοιαν
296 628 432 667 ἔρχεται,
459 627 594 668 φράζειν
617 627 704 670 αὐτῷ
728 628 766 658 τὰ
791 626 997 668 γεγραμμένα
1020 626 1073 658 καὶ
1097 629 1130 658 τί

121 680 271 718 σημαίνει
299 680 438 719 μηνύειν
467 679 572 719 ἠξίου·
604 680 719 719 <24Ο>
748 684 843 711 τοῦτο
871 681 932 721 γὰρ
956 680 1128 719 ποιήσαντι

119 732 297 773 πορφύραν
325 732 444 763 δώσειν
473 732 677 763 ἐνδύσασθαι
707 732 760 763 καὶ
791 737 936 773 χρυσοῦν
966 731 1040 774 περὶ
1071 733 1129 764 τὸν

121 783 242 824 αὐχένα
266 786 425 825 στρεπτὸν
446 784 499 816 καὶ
519 786 554 816 τὸ
575 787 686 826 τρίτον
706 790 762 826 τῆς
782 786 882 817 αὑτοῦ
902 785 1002 826 ἀρχῆς
1022 784 1128 826 μέρος,

120 837 217 877 τιμὴν
241 836 293 867 καὶ
319 837 416 879 γέρας
439 842 496 878 τῆς
520 840 648 878 σοφίας,
673 838 717 875 ὡς
736 838 777 869 ἂν
797 838 828 876 ἐξ
848 838 957 869 αὐτῶν
977 838 1128 878 ἐπισημό-

120 901 215 926 τατος
238 889 367 929 γε’νοιτο
391 896 460 926 τοῖς
485 891 584 931 ὁρῶσι
605 890 658 922 καὶ
678 892 737 931 τὴν
757 892 866 922 αἰτίαν
886 890 937 931 ἐφ’
961 888 980 932 ᾗ
1003 891 1129 922 τούτων

121 943 212 983 ἔτυχε
243 942 518 983 πυνθανομένοις.
569 944 684 984 <241>
718 947 885 984 Δανιῆλος
918 942 952 974 δὲ
983 944 1039 980 τὰς
1069 941 1129 984 μὲν

121 995 244 1035 δωρεὰς
275 995 375 1026 αὐτὸν
405 997 490 1036 ἔχειν
521 996 613 1036 ἠξίου
642 996 691 1037 (τὸ
722 998 783 1037 γὰρ
815 997 922 1037 σοφὸν
951 995 1004 1027 καὶ
1033 999 1129 1027 θεῖον

121 1047 371 1088 ἀδωροδόκητον
400 1046 484 1079 εἶναι
512 1048 565 1079 καὶ
594 1054 711 1089 προῖκα
740 1050 816 1085 τοὺς
844 1048 1020 1089 δεομένους
1044 1049 1128 1089 ὠφε-

121 1103 220 1139 λεῖν),
249 1102 407 1141 μηνύσειν
436 1100 465 1131 δ’
497 1101 583 1143 αὐτῷ
612 1102 650 1132 τὰ
678 1101 898 1142 γεγραμμένα,
928 1103 1128 1142 σημαίνοντα

120 1154 350 1194 καταστροφὴν
375 1153 461 1196 αὐτῷ
485 1158 544 1184 τοῦ
569 1155 654 1194 βίου,
679 1154 727 1185 ὅτι
752 1153 826 1194 μηδ’
852 1149 900 1190 οἷς
925 1154 941 1185 ὁ
965 1155 1128 1195 πρόγονος

121 1205 222 1236 αὐτοῦ
248 1206 301 1236 διὰ
326 1207 382 1243 τὰς
406 1207 452 1243 εἰς
471 1207 553 1237 θεὸν
572 1206 684 1246 ὕβρεις
709 1206 882 1246 ἐκολάσθη,
906 1207 1034 1243 τούτοις
1054 1207 1127 1247 ἔμα-

121 1262 183 1289 θεν
208 1258 355 1299 εὐσεβεῖν
382 1257 435 1290 καὶ
460 1257 562 1299 μηδὲν
587 1258 667 1300 ὑπὲρ
696 1260 756 1299 τήν
785 1260 1001 1300 ἀνθρωπίνην
1026 1260 1128 1299 φύσιν

121 1315 341 1351 μηχανᾶσθαι,
365 1312 471 1351 (242)
496 1312 577 1343 ἀλλὰ
600 1311 652 1342 καὶ
674 1313 1016 1353 Ναβουχοδονοσόρου
1035 1323 1128 1352 μετα-

122 1364 258 1400 στάντος
282 1366 328 1400 είς
352 1365 481 1395 δίαιταν
505 1366 634 1405 θηρίων
659 1364 709 1405 ἐφ’
733 1361 782 1402 οἷς
806 1364 954 1405 ἠσέβησε,
978 1363 1031 1395 καὶ
1050 1365 1129 1405 μετὰ

121 1418 243 1453 πολλὰς
268 1417 390 1453 ἶκεσίας
413 1416 466 1447 καὶ
492 1418 618 1457 δεήσεις
644 1417 836 1457 ἐλεηθέντος
865 1417 1059 1449 ἐπανελθεῖν
1083 1417 1128 1453 εἰς

122 1470 179 1499 τὸν
199 1468 414 1509 ἀνθρώπινον
434 1471 508 1509 βίον
527 1468 580 1499 καὶ
601 1469 660 1509 τὴν
680 1471 860 1510 βασιλείαν,
881 1469 933 1500 καὶ
955 1470 1008 1500 διὰ
1028 1473 1128 1500 ταῦτα

121 1523 179 1552 τὸν
207 1523 304 1560 θεόν,
335 1522 378 1558 ὡς
409 1522 468 1561 τὴν
499 1522 628 1552 ἅπασαν
657 1523 771 1563 ἔχοντα
800 1523 942 1563 δύναμιν
969 1521 1022 1553 καὶ
1049 1533 1128 1562 προ-

122 1575 305 1615 νοούμενον
346 1579 412 1604 τῶν
450 1573 653 1615 ἀνθρώπων,
695 1574 788 1615 μέχρι
829 1574 882 1605 καὶ
923 1574 1128 1613 ἐτελεύτησεν

121 1626 315 1666 ὑμνοῦντος,
340 1627 448 1666 λήθην
468 1627 565 1663 αὐτὸς
589 1628 683 1667 ἔλαβε
703 1628 839 1665 τούτων,
862 1626 915 1657 καὶ
940 1628 1044 1658 πολλὰ
1068 1625 1128 1667 μὲν

122 1678 373 1719 ἐβλασφήμησεν
404 1680 450 1716 εἰς
480 1680 515 1710 τὸ
544 1682 653 1719 θεῖον,
684 1684 751 1716 τοῖς
783 1677 818 1710 δὲ
849 1680 998 1710 σκεύεσιν
1027 1679 1128 1710 αὐτοῦ

193 1741 272 1770 ξῗὸἓ
289 1752 320 1760 =
336 1739 405 1764 Dan
422 1739 445 1764 V
464 1742 500 1764 11.

1144 640 1169 659 10

1144 902 1168 921 15

1142 1151 1202 1183 20'

1143 1427 1168 1446 25

1143 1689 1169 1707 30
