1261 1917
63 607 88 626 10

62 872 86 891 15

60 1402 85 1421 25

60 1666 86 1685 30

540 39 684 63 ΔΕΚΑΤΗ
1053 36 1118 67 349

171 119 279 160 <154>
304 120 570 160 παραγενόμενος
594 118 624 150 δ’
651 121 698 156 εἰς
718 119 902 159 Βαβυλῶνα
927 118 944 149 ὁ
964 119 1119 159 βασιλεὺς
1139 129 1154 152 7

105 173 267 204 Σεδεκίαν
290 171 350 213 μὲν
374 170 475 213 εἶχεν,
504 173 579 213 ι’ἱχρι
603 171 656 203 καὶ
682 171 905 212 ἐτελεύτησεν,
935 171 970 203 ἐν
995 172 1118 213 εἶρκτῇ·

102 225 216 263 θάψας
240 224 270 257 δ’
297 225 399 257 αὐτὸν
423 227 613 266 βασιλικῶς,
640 226 678 256 τὰ
703 225 801 264 σκεύη
826 225 864 256 τὰ
890 224 923 256 ἐκ
948 229 1006 256 τοῦ
1022 223 1118 265 Ἱερο-

104 279 258 319 σολύμων
286 277 474 318 συληθέντα
505 282 586 309 ναοῦ
614 276 756 318 ἀνέθηκε
785 283 854 314 τοῖς
885 278 983 314 ἰδίοις
1015 281 1119 317 θεοῖς,

104 332 162 363 τὸν
186 329 222 362 δὲ
246 332 327 362 λαὸν
351 330 530 374 κατῴκισεν
559 330 595 362 ἐν
623 335 660 372 τῇ
686 331 899 371 Βαβυλωνίδι
928 331 1032 373 χώρᾳ,
1061 332 1119 362 τὸν

104 383 134 414 δ’
161 383 312 425 ἀρχιερέα
336 383 477 416 ἀπέλυσε
500 390 567 415 τῶν
591 385 730 425 δεσμῶν.

170 438 278 478 (155)
298 438 315 469 ὁ
334 436 369 469 δὲ
385 438 565 479 στρατηγὸς
582 437 863 478 Ναβουζαρδάνης
878 438 1119 478 αἰχμαλωτίσας
1138 440 1158 469 9

103 491 162 522 τὸν
176 489 412 532 τῶνἙβραίων
427 491 508 522 λαὸν
524 492 600 528 τοὺς
614 490 755 531 πένητας
770 489 821 522 καὶ
839 490 1043 531 αὐτομόλους
1055 490 1121 522 ἐκεῖ

102 543 290 583 κατέλιπεν,
315 544 489 582 ἀποδείξας
513 544 622 575 αὐτῶν
646 543 790 585 ἡγεμόνα
819 545 980 575 Γοδολίαν
1004 545 1119 585 ὄνομα,

101 595 255 638 Ἀικάμου
276 598 378 628 παῖδα
397 602 464 628 τῶν
484 594 520 628 εὖ
540 598 736 637 γεγονότων,
761 596 885 637 ἐπιεικῆ
906 596 958 627 καὶ
979 597 1119 628 δίκαιον.

103 649 234 687 ἐπέταξε
258 649 290 681 δ’
315 650 428 687 αὐτοῖς
450 650 511 690 τὴν
534 651 646 691 χώραν
670 649 899 691 ἐργαζομένοις
923 655 967 692 τῷ
991 652 1122 691 βασιλεῖ

101 705 209 734 τελεῖν
230 704 338 744 φόρον
358 702 552 744 ὡρισμένον.
595 703 703 743 <156>
719 702 878 744 Ἱερεμίαν
902 701 938 734 δὲ
958 704 1016 734 τὸν
1040 714 1119 743 προ-

102 756 211 796 φήτην
231 757 342 796 λαβὼν
361 755 395 787 ἐκ
416 761 473 797 τῆς
492 757 620 797 εἱρκτῆς
640 758 768 787 ἔπεισεν
789 757 836 793 εἰς
851 758 1037 797 Βαβυλῶνα
1057 758 1119 787 σὺν

103 809 191 851 αὐτῷ
206 808 452 850 παραγενέσθαι
468 808 697 852 (κεκελεῦσθαι
718 810 779 851 γὰρ
800 809 864 840 ὑπὸ
884 813 943 840 τοῦ
959 809 1120 850 βασιλέως

102 861 197 893 πάντ’
219 861 307 904 αὐτῷ
326 862 505 904 χορηγεῖν),
526 863 555 894 εἰ
574 860 610 894 δὲ
629 867 726 894 τοῦτο
746 862 789 903 μὴ
810 863 974 903 βούλεται,
994 862 1119 903 δηλοῦν

102 915 190 958 αὐτῷ
210 920 275 946 ποῦ
290 915 402 956 με’νειν
418 915 606 956 διέγνωκεν,
626 916 682 947 ἵνα
701 920 798 947 τοῦτο
814 915 979 956 ἐπιστείλῃ
998 919 1043 958 τῷ
1061 917 1119 956 βα-

102 970 195 999 σιλεῖ.
233 968 342 1008 <157>
361 969 378 1000 ὁ
400 967 435 1000 δὲ
455 970 627 1010 προφήτης
646 967 723 1000 οὔθ’
746 968 884 1000 ἕπεσθαι
904 969 1026 1009 ἤθελεν
1047 967 1116 1000 οὔτ’

101 1020 261 1062 ἀλλαχόσε
285 1033 350 1053 που
374 1021 496 1063 με’νειν,
522 1021 624 1062 ἡδέως
644 1021 673 1053 δ’
697 1020 783 1063 εἶχεν
803 1021 852 1054 ἐπὶ
874 1028 943 1059 τοῖς
963 1021 1120 1062 ἐρειπίοις

102 1078 160 1114 τῆς
182 1076 341 1115 πατρίδος
363 1074 417 1106 καὶ
437 1081 506 1112 τοῖς
524 1076 745 1116 ταλαιπώροις
764 1075 865 1115 αὐτῆς
885 1076 1034 1115 διαζῆσαι
1054 1077 1119 1106 λει-

61 1138 73 1149 ‘t
102 1127 230 1165 ψάνοις.
268 1129 369 1168 γνοὺς
384 1127 414 1159 δ’
432 1127 535 1159 αὐτοῦ
550 1128 610 1168 τὴν
628 1129 822 1169 προαίρεσιν
842 1127 859 1159 ὁ
880 1128 1060 1169 στρατηγὸς
1075 1133 1118 1170 τῷ

104 1181 135 1211 Γ
132 1180 247 1223 οδολίᾳ
267 1181 462 1223 προστάξας,
486 1181 525 1212 ὃν
545 1180 727 1221 κατέλιπεν,
752 1181 868 1212 αὐτίκα
887 1185 996 1212 πᾶσαν
1016 1181 1118 1212 αὐτοῦ

102 1236 272 1264 ποιεῖσθαι
287 1234 449 1275 πρόνοιαν
464 1233 517 1265 καὶ
533 1236 693 1275 χορηγίαν
712 1234 800 1265 ὅσων
815 1233 856 1265 ἂν
871 1233 994 1274 δέηται,
1014 1234 1118 1275 δωρη-

102 1286 242 1327 σάμενός
256 1285 283 1318 τ’
302 1287 400 1324 αὐτὸς
415 1288 554 1328 δωρεαῖς
568 1287 792 1327 πολυτελέσιν,
808 1286 980 1319 ἀπέλυσεν.
1009 1288 1118 1327 <158>

102 1338 155 1370 καὶ
176 1338 331 1380 Ἱερεμίας
354 1338 415 1380 μὲν
438 1339 628 1381 κατέμεινεν
653 1339 688 1371 ἐν
713 1342 806 1372 πόλει
831 1345 888 1380 τῆς
912 1341 1020 1381 χώρας
1043 1342 1119 1371 Μα-

102 1396 219 1434 σφαθᾷ
249 1393 449 1434 καλουμένῃ,
482 1393 710 1434 παρακαλέσας
743 1395 801 1425 τὸν
833 1393 1119 1435 Ναβουζαρδάνην

101 1444 145 1476 ἵν’
163 1445 252 1488 αὐτῷ
267 1447 480 1487 συναπολύσῃ
500 1447 558 1478 τὸν
575 1447 728 1488 μαθητὴν
744 1449 928 1488 Βαροῦχον,
949 1447 1066 1488 Νήρου
1083 1444 1118 1477 δὲ

99 1499 212 1539 παῖδα,
237 1498 268 1536 ἐξ
294 1498 454 1540 ἐπισήμου
479 1500 610 1541 σφόδρα
634 1501 741 1536 οἰκίας
760 1501 839 1531 ὄντα
858 1498 912 1530 καὶ
932 1504 970 1540 τῇ
990 1501 1116 1542 πατρίῳ

100 1552 227 1593 γλώττῃ
251 1552 476 1593 διαφερόντως
495 1552 770 1594 πεπαιδευμένον·
794 1553 902 1592 <159>
924 1554 1116 1593 Ναβουζαρ-
1137 1561 1152 1584 2

102 1603 204 1644 δάνης
227 1603 263 1636 δὲ
283 1609 384 1636 ταῦτα
404 1606 666 1647 διαπραξάμενος
686 1606 837 1647 ὥρμησεν
857 1607 903 1643 εἰς
924 1607 1119 1646 Βαβυλῶνα.

169 1658 203 1688 οἱ
226 1655 261 1689 δὲ
284 1657 577 1700 πολιορκουμένων
593 1658 831 1700 Ἱεροσολύμων
851 1660 1024 1699 φυγόντες,
1049 1659 1120 1690 δια-

173 1721 188 1749 ς
204 1721 253 1744 154
269 1731 302 1740 =
318 1719 412 1745 Iex-em.
428 1719 488 1745 XLI
503 1722 527 1745 5.
601 1722 614 1751 g
632 1722 681 1746 155
698 1732 730 1741 =
746 1722 761 1745 4
773 1719 840 1752 Reg.
858 1719 933 1745 XXV
949 1722 990 1745 22.
