1261 1917
511 47 634 71 omon
1014 44 1079 75 249

65 128 264 168 πολιορκίας.
303 126 410 167 <373>
430 125 472 168 ἧν
492 126 522 158 δ’
541 126 681 168 ’Ἄχαβος
700 127 827 157 τούτων
847 125 1081 167 πραττομένων

66 179 102 211 ἐν
130 179 256 222 ἀγωνία
286 181 377 221 δεινῇ
407 182 469 211 σὺν
497 179 595 211 παντὶ
624 185 668 223 τῷ
698 182 774 222 λαῷ.
820 183 942 220 θαρρεῖ
967 177 1003 210 δὲ
1026 178 1080 210 καὶ

65 238 131 264 τῶν
159 234 276 274 φόβων
304 232 480 264 ἀπολύεται
509 233 683 273 προφήτου
711 233 801 269 τινὸς
830 232 917 274 αὐτῷ
944 235 1080 273 προσελ-

65 287 187 322 θόντος
223 284 274 316 καὶ
315 285 482 325 φήσαντος
519 285 606 327 αὐτῷ
640 286 698 316 τὸν
730 286 814 316 θεὸν
847 285 1080 325 ὑπισχνεῖσθαι

37 339 216 378 ὅποιήσειν
244 339 301 375 τὰς
331 339 491 375 τοσαύτας
520 344 586 369 τῶν
615 340 782 379 πολεμίων
810 337 973 379 μυριάδας
1001 338 1080 369 {vs-cov

64 392 217 432 χειρίους.
265 391 373 431 <374>
401 390 581 434 πυθομένῳ
611 389 647 422 δὲ
676 391 730 422 διὰ
759 392 860 422 τίνων
888 389 930 421 ἱὶν
958 389 977 430 ἡ
1008 391 1080 430 νίκη

65 443 208 484 γένοιτο,
238 444 292 475 διὰ
322 449 388 475 τῶν
416 444 545 475 παίδων
574 441 642 474 εἶπε
672 449 738 475 τῶν
766 443 953 484 ἡγεμόνων,
985 443 1081 483 r‘Jyov-⁴

64 495 167 537 μένου
191 501 252 528 σοῦ
277 497 331 527 διὰ
356 497 416 537 τὴν
440 496 592 537 ἀπειρίαν
616 497 676 537 τὴν
701 496 845 528 ἐκείνων.
883 496 1022 533 καλέσας
1044 495 1081 527 δὲ

64 550 142 586 τοὺς
165 555 231 580 τῶν
254 549 426 590 ἡγεμόνων
450 550 544 586 υίούς
568 548 775 591 (ηὑρέθησαν
800 548 830 580 δ’
853 549 897 586 ὡς
917 550 1080 581 διακόσιοι

26 613 50 633 10
64 601 115 633 καὶ
147 602 321 643 τριάκοντα
350 601 436 643 δύο),
465 602 584 643 μαθὼν
613 603 671 633 τὸν
695 603 810 643 Σύρον
833 603 916 643 πρὸς
940 602 1082 643 εὐωχίαν

63 654 117 686 καὶ
146 656 260 686 ἄνεσιν
289 655 527 696 τετραμμένον,
556 655 689 693 ἀνοίξας
715 655 772 692 τὰς
795 656 900 692 πύλας
925 654 1081 696 ἐξέπεμψε

64 709 141 745 τοὺς
159 709 288 745 παῖδας.
323 709 432 749 <3ῖ5>
451 714 518 739 τῶν
537 707 573 739 δὲ
594 713 726 739 σκοπῶν
747 708 968 748 δηλωσάντων
983 713 1081 740 τοῦτο

64 765 108 803 τῷ
123 759 260 804 Ἀδάδῳ,
279 761 398 802 πέμπει
414 762 506 798 τινας
521 759 823 801 ὑπαντησομένους,
844 760 1081 802 ἐντειλάμενος,

64 813 106 845 ἂν
137 812 197 854 μὲν
226 815 272 851 είς
301 814 408 855 μάχην
436 812 496 845 ὦσι
525 815 805 855 προεληλυθότες,
839 815 894 845 ἵνα
923 814 1082 854 δήσαντες

25 878 49 897 15
65 866 211 906 ἀγάγωσι
244 868 326 907 πρὸς
359 867 475 903 αὐτόν,
508 866 550 898 ἂν
584 865 614 897 δ’
646 867 832 907 εἰρηνικῶς,
866 867 953 904 ὅπως
981 867 1080 898 ταύτὸ

64 925 213 951 ποιῶσιν.
253 917 317 960 εἶχε
342 919 372 950 δ’
395 919 530 960 ἑτοίμην
545 919 687 960 ’Ἀχαβος
708 918 762 950 καὶ
782 920 842 960 τὴν
862 920 966 960 ἄλλην
985 929 1081 961 στρα-

64 973 138 1004 τιὰν
166 972 259 1010 ἐντὸς
287 978 353 1004 τῶν
382 978 507 1013 τειχῶν.
555 973 589 1003 οἱ
616 971 652 1003 δὲ
681 974 796 1009 παῖδες
820 978 887 1004 τῶν
911 973 1082 1013 ἀρχόντων

65 1027 288 1067 συμβαλόντες
312 1031 381 1062 τοῖς
404 1025 525 1066 φύλαξι
549 1027 694 1062 πολλοὺς
718 1025 829 1057 αὐτῶν
850 1025 1081 1057 ἀποκτείνουσι

64 1077 118 1110 καὶ
138 1080 215 1116 τοὺς
234 1079 356 1115 ἄλλους
375 1079 449 1119 ἄχρι
466 1083 525 1109 τοῦ
541 1077 766 1118 στρατοπέδου
782 1078 970 1109 διώκουσιν.
1000 1079 1082 1110 ἰδὼν

26 1141 51 1161 20
66 1130 101 1163 δὲ
130 1132 269 1169 τούτους
299 1137 458 1168 νικῶντας
487 1131 504 1163 ὁ
531 1137 598 1162 τῶν
620 1130 831 1172 Ἰσραηλιτῶν
855 1132 1010 1171 βασιλεὺς
1034 1131 1081 1169 ἐξ-

65 1186 181 1225 αφίησι
210 1183 262 1216 καὶ
289 1185 349 1225 τὴν
373 1185 476 1224 ἄλλην
501 1185 658 1225 στρατιὰν
682 1185 822 1215 ἅπασαν.
869 1185 978 1224 <376>
1004 1185 1022 1225 ἣ
1048 1184 1079 1216 δ’

65 1238 242 1278 αἰφνιδίως
272 1237 470 1278 ἐπιπεσοῦσα
499 1243 568 1275 τοῖς
596 1238 722 1278 Σύροις
752 1236 930 1278 ἐκράτησεν
958 1238 1081 1269 αὐτῶν·

66 1290 105 1321 οὐ
138 1290 200 1331 γὰρ
233 1290 445 1330 προσεδόκων
476 1290 596 1327 αὐτοὺς
625 1289 910 1330 ἐπεξελεύσεσθαι,
943 1290 997 1321 καὶ
1027 1291 1082 1322 διὰ

65 1347 162 1374 τοῦτο
195 1348 332 1383 γυμνοῖς
360 1341 414 1374 καὶ
444 1343 607 1383 μεθύουσι
636 1342 881 1383 προσέβαλλον,
914 1343 996 1374 ὥστε
1025 1345 1083 1381 τὰς

26 1405 51 1425 25
66 1397 251 1432 πανοπλίας
275 1395 309 1426 ἐκ
334 1401 399 1427 τῶν
424 1394 655 1436 στρατοπέδων
674 1396 860 1436 φεύγοντας
879 1399 1082 1437 καταλιπεῖν,

66 1448 119 1480 καὶ
143 1450 202 1480 τὸν
226 1447 363 1489 βασιλέα
388 1449 597 1489 διασωθῆναι
621 1449 716 1489 μόλις
741 1447 793 1489 ἐφ’
820 1449 922 1480 ἵππου
946 1450 1083 1490 ποιησά-

67 1513 167 1543 μενον
187 1502 246 1542 τὴν
266 1503 387 1542 φυγήν.
420 1502 528 1541 <3ῖῖ>
542 1501 684 1542 ’Ἀχαβος
704 1499 739 1532 δὲ
760 1502 886 1542 πολλὴν
906 1502 987 1534 ὁδὸν
1006 1503 1082 1534 διώ-

67 1567 133 1586 κων
157 1556 233 1592 τοὺς
253 1556 388 1595 Σύρους
409 1555 540 1595 ἤνυσεν,
564 1554 712 1595 ἀναιρῶν
732 1555 860 1592 αὐτούς.
899 1555 1083 1596 διαρπάσας

68 1606 103 1639 δὲ
136 1609 174 1639 τὰ
208 1607 243 1639 ἐν
274 1612 311 1649 τῇ
340 1609 530 1649 παρεμβολῇ
561 1608 717 1648 (πλοῦτος
746 1607 776 1639 δ’
802 1606 844 1648 ἧν
872 1608 932 1640 οὐκ
961 1609 1082 1649 ὀλίγος,

28 1669 53 1688 80
68 1660 149 1692 ἀλλὰ
172 1659 225 1692 καὶ
250 1665 375 1702 χρυσοῦ
399 1664 529 1702 πλῆθος
553 1660 604 1692 καῖ
631 1660 805 1703 ἀργύρου),
830 1661 868 1692 τά
892 1660 927 1693 θ’
955 1662 1082 1703 ἅρματα

139 1724 154 1753 5
169 1724 220 1748 373
240 1735 272 1743 =
293 1725 307 1747 3
324 1721 392 1754 Reg.
412 1720 462 1746 xx
480 1724 518 1746 13.
