1261 1917
490 47 611 71 ENATH
991 43 1053 74 291

43 130 171 170 βασιλεῖ
191 125 244 158 καὶ
269 131 426 167 προνοεῖν
451 126 554 158 αὐτοῦ
578 130 635 166 τῆς
659 126 821 166 σωτηρίας
844 124 897 156 καὶ
922 129 979 165 τῆς
1003 124 1055 156 ε’πὶ

41 183 155 213 πλεῖον
179 179 288 221 ἀρχῆς.
331 177 430 211 ἔπειτ’
458 178 560 210 αὐτὸν
584 179 642 210 τὸν
665 176 801 219 βασιλέα
825 179 974 218 τιμήσειν
998 179 1057 209 τὸν

42 234 124 266 θεὸν
147 231 199 264 καὶ
224 232 267 273 μὴ
292 233 481 272 παραβῆναι
506 232 583 269 τοὺς
608 229 770 267 ,Μωυσέος
796 231 917 271 νόμους
939 231 1057 262 δοῦναι

42 288 152 318 πίστιν
178 285 348 325 ἠνάγκασε.
395 285 504 324 <lb-1>
528 282 582 315 καὶ
607 284 685 324 μετὰ
710 281 800 314 ταῦτ’
826 284 1058 324 εἰσδραμόντες

16 340 99 372 στὸν
123 342 182 370 τοῦ
204 339 295 370 Βαὰλ
320 335 423 377 οἷκον,
447 337 486 368 ὃν
512 337 659 368 Γοθολία
683 334 737 367 καὶ
762 336 845 376 ἁνὴρ
870 336 971 376 αὐτῆς
993 335 1057 367 Ἰώ-

43 403 144 433 ραμος
167 391 403 422 κατεσκεύασεν
432 389 484 431 ἐφ’
512 390 604 431 ὕβρει
633 387 694 430 μὲν
722 393 781 420 τοῦ
809 390 950 429 πατρίου
974 391 1058 420 θεοῦ

42 449 116 486 τιμῇ
141 442 176 476 δὲ
200 449 259 476 τοῦ
281 443 430 485 Ἀχάβου,
454 442 672 479 κατέσκαψαν,
697 441 751 473 καὶ
775 443 834 473 τὸν
856 443 973 482 ἔχοντα
997 442 1058 482 τὴν

43 498 225 538 ἱερωσύνην
249 497 350 528 αὐτοῦ
374 497 526 527 Maaffl‘cv
550 495 754 527 ἀπέκτειναν.
801 495 909 534 <155>
941 495 1000 535 τὴν
1025 493 1055 525 δ’

43 549 229 591 ἐπιμέλειαν
262 548 315 580 καὶ
349 549 502 590 φυλακὴν
535 553 594 580 τοῦ
628 549 719 589 ἱεροῦ
750 553 819 585 τοῖς
851 547 974 587 ιἐρεῦσι
1003 547 1057 579 καὶ

0 615 30 636 ἰο
44 605 198 640 Λευίταις
231 601 407 642 ἐπέτρεψεν
437 600 568 638 Ἰώδαος
605 601 685 632 κατὰ
720 601 779 640 τὴν
812 600 966 632 Δαυίδου
999 605 1058 631 τοῦ

43 655 202 697 βασιλέως
216 655 376 695 διάταξιν,
395 655 550 692 κελεύσεις
570 653 691 690 αὐτοὺς
711 652 762 690 δὶς
777 657 834 694 τῆς
851 652 972 694 ἡμέρας
992 652 1059 684 ἐπι-

43 708 159 750 φέρειν
176 709 232 746 τὰς
248 709 484 749 νενομισμένας
504 713 570 738 τῶν
590 707 845 738 ὁλοκαυτώσεων
865 707 987 743 θυσίας
1005 705 1059 736 καὶ

0 791 1 806 3
43 765 171 803 θυμιᾶν
190 761 383 797 ἀκολούθως
403 764 446 803 τῷ
466 761 565 802 νόμῳ.
603 758 751 796 ἀπέδειξε
772 756 807 790 δὲ
828 764 893 789 τῶν
909 760 1060 790 Λευιτῶν

44 827 70 846 τι
80 816 136 852 νας
159 813 213 846 καὶ
237 815 411 854 πυλωροὺς
436 811 488 844 ἐπὶ
513 815 643 853 φυλακῇ
664 817 723 843 τοῦ
743 810 909 852 τεμένους,
933 811 977 848 ὡς
1000 823 1059 852 μη-

0 863 29 911 )15
44 867 122 899 δένα
147 866 368 909 μεμιασμένον
391 864 544 906 παριέναι
569 864 790 896 λανθάνοντα.

0 913 1 918 ¹
111 920 227 961 <156>
252 920 377 951 τούτων
401 917 431 949 δ’
458 918 576 949 ἕκαστα
601 917 769 955 διατάξας,
793 918 872 958 μετὰ
896 922 963 948 τῶν
987 916 1058 948 ἑκα-

44 973 231 1014 τοντάρχων
254 971 307 1003 καὶ
334 971 504 1012 ἡγεμόνων
528 969 581 1002 καὶ
606 974 665 1001 τοῦ
690 973 772 1001 λαοῦ
796 971 918 1007 παντὸς
943 969 977 1001 ἐκ
1001 974 1060 1001 τοῦ

45 1027 134 1067 ἱεροῦ
162 1025 363 1066 παραλαβὼν
390 1025 462 1064 ἄγει
491 1025 549 1055 τὸν
575 1022 709 1054 Ἰώασον
739 1023 785 1060 εἷς
814 1023 849 1054 τὸ
880 1023 1059 1063 βασίλειον,

44 1078 98 1110 καὶ
121 1080 321 1115 καθίσαντος
346 1078 392 1114 εἰς
415 1077 473 1108 τὸν
498 1077 670 1117 βασιλικὸν
695 1076 823 1116 θρόνον
845 1074 1063 1116 ε’πηυφήμησέ

7 1141 79 1163 εοτε
103 1133 138 1162 τὸ
162 1133 301 1171 πλῆθος,
325 1128 378 1161 καὶ
402 1129 484 1170 πρὸς
509 1129 649 1169 εὐωχίαν
669 1127 845 1169 τραπέντες
866 1127 917 1159 ἐπὶ
937 1128 1061 1165 πολλὰς

46 1183 213 1224 ἑώρτασαν
238 1182 369 1224 ἡμέρας·
400 1182 417 1222 ἡ
442 1181 553 1223 μέντοι
584 1193 619 1222 γε
643 1182 738 1218 πόλις
768 1180 819 1212 ἐπὶ
846 1185 890 1223 τῷ
914 1181 974 1221 τὴν
999 1182 1060 1212 Γο-

47 1238 167 1268 θολιάν
182 1235 365 1268 ἀποθανεῖν
381 1235 520 1276 ἡσυχίαν
536 1235 666 1274 ἤγαγεν.
697 1234 805 1274 <15ῖ>
818 1231 858 1274 ἧν
874 1232 904 1264 δ’
920 1232 1060 1273 Ἰώασος,

47 1291 99 1321 ὅτε
123 1290 183 1329 τὴν
207 1290 377 1329 βασιλείαν
401 1287 596 1328 παρέλαβεν,
621 1287 703 1318 ε’τῶν
728 1286 817 1325 ἑπτα,
841 1287 946 1327 μήτηρ
966 1285 996 1317 δ’
1020 1284 1061 1326 ἧν

47 1343 134 1385 αὐτῷ
154 1343 189 1374 τὸ
205 1340 265 1383 μὲν
280 1342 383 1382 ὄνομα
399 1341 519 1381 Σαβία,
538 1340 696 1381 πατρίδος
716 1338 751 1371 δὲ
767 1338 945 1380 Βηρσαβεέ.
983 1342 1061 1370 πολ-

7 1405 32 1425 25
47 1396 108 1436 λὴν
132 1394 162 1426 δ’
190 1394 363 1435 ἐποιήσατο
389 1399 455 1425 τῶν
480 1395 628 1434 νομίμων
652 1393 805 1434 φυλακὴν
828 1390 883 1423 καὶ
907 1390 981 1433 περὶ
1002 1392 1062 1432 τὴν

46 1453 104 1480 τοῦ
129 1451 212 1480 θεοῦ
236 1449 418 1489 θρησκείαν
442 1447 634 1487 φιλοτιμίαν
662 1446 749 1486 παρὰ
773 1445 880 1476 πάντα
904 1445 962 1476 τὸν
986 1446 1060 1486 χρό-

48 1513 106 1533 νον
134 1501 173 1533 ὃν
202 1501 218 1533 ὁ
241 1499 371 1537 Ἰώδαος
399 1499 545 1540 ἐβιώσεν.
593 1499 711 1540 <158>
741 1499 838 1539 ἔγημε
865 1496 902 1529 δὲ
926 1496 979 1528 καὶ
1004 1509 1061 1538 γυ-

47 1559 161 1592 ναῖκας
176 1554 236 1585 δύο
252 1553 430 1595 παρελθὼν
446 1553 492 1590 εἰς
508 1552 647 1593 ἡλικίαν,
668 1552 786 1588 δόντος
800 1555 859 1582 τοῦ
875 1549 1060 1591 ἀρχιερέως,

49 1607 80 1646 ἐξ
104 1604 151 1639 ὧν
174 1605 228 1638 καὶ
252 1607 387 1648 ἄρρενες
411 1605 498 1648 αὐτῷ
522 1603 576 1636 καὶ
600 1605 732 1644 θήλειαι
759 1604 874 1640 παῖδες
899 1602 1060 1644 ἐγένοντο.

120 1679 134 1708 ξ
152 1678 201 1702 154
222 1689 254 1698 =
274 1678 289 1701 4
309 1675 377 1709 Reg.
397 1674 434 1700 XI
452 1677 495 1706 18;
516 1677 530 1700 2
551 1674 642 1700 Paral.
663 1673 751 1700 XXIII
774 1676 814 1700 17.
924 1675 938 1704 ξ
958 1675 1006 1698 157
1028 1685 1060 1693 =

49 1723 64 1747 2
80 1720 170 1747 Paral.
185 1719 274 1746 XXIV
291 1724 314 1745 1.

850 1761 900 1786 19*
