1261 1917
545 61 641 86 EKTH
1079 60 1099 91 3

83 142 146 182 (9)
176 139 259 182 ἦσαν
288 139 318 172 δ’
345 140 379 172 οἱ
405 139 556 180 λέγοντες
584 145 680 173 τοῦτο
709 139 770 182 μὲν
798 141 841 181 μὴ
870 147 992 179 ποιεῖν,
1021 140 1097 182 μηδ’

83 195 306 233 ἐξαπατᾶσθαι
336 195 395 234 τὴν
423 195 532 225 αἰτίαν
560 200 626 226 τῶν
654 199 763 226 κακῶν
792 195 838 231 είς
866 193 996 234 ἐκείνην
1022 194 1099 226 ἀνα-

83 247 258 289 φέροντας·
283 248 323 279 οὐ
344 248 404 288 γὰρ
429 247 551 287 ταύτην
580 245 664 278 εἶναι
689 247 748 287 τὴν
773 247 917 288 δύναμιν
939 247 1021 288 αὐτῇ
1046 247 1099 278 καὶ

82 302 142 342 τὴν
167 302 274 342 ἰσχύν·
299 300 339 332 οὐ
364 301 424 341 γὰρ
444 301 486 331 ἄν
508 298 579 332 ποτ’
601 300 703 341 αὐτῆς
726 298 913 340 κηδομένου
936 304 996 331 τοῦ
1015 303 1099 332 θεοῦ

54 363 66 382 5
81 354 273 395 ὑποχείριον
311 353 503 395 ἀνθρώποις
541 352 707 393 γενέσθαι.
766 352 937 393 ἡσυχάζειν
976 351 1012 384 δὲ
1045 353 1099 384 καὶ

81 407 193 449 πρᾴως
222 408 308 448 ἔχειν
337 406 390 438 ἐπὶ
418 411 487 444 τοῖς
517 407 739 447 συμβεβηκόσι
768 405 956 447 παρῄνουν,
989 407 1099 438 αἰτίαν

80 461 207 492 τούτων
236 461 295 492 οὐκ
323 461 427 500 ἄλλην
456 459 474 500 ἣ
503 460 609 500 μόνην
638 458 870 500 λογιζομένους
898 459 958 500 τὴν
984 460 1098 500 φύσιν,

82 513 100 553 ἢ
119 512 173 544 καὶ
193 513 319 554 σώμασι
339 512 393 544 καὶ
413 517 453 554 γῇ
473 511 526 544 καὶ
543 518 662 553 φυτοῖς
681 512 734 544 καὶ
754 517 833 544 πᾶσι
853 518 923 550 τοῖς
945 512 977 550 ἐξ
997 513 1098 554 αὐτῆς

80 572 260 598 συνεστῶσι
280 567 361 597 κατὰ
376 567 506 607 χρόνων
520 566 697 607 περιόδους
716 567 815 597 τίκτει
831 566 984 603 τοιαύτας
1003 578 1098 607 μετα-

41 628 64 647 10
79 620 187 660 βολάς.
227 620 311 660 <10>
332 624 407 661 νικᾷ
428 617 464 650 δὲ
479 620 535 657 τὰς
554 618 793 661 προειρημένας
813 619 945 660 γνώμας
964 618 1098 660 ἀνδρῶν

80 674 116 704 ἕν
143 685 177 704 τε
200 679 270 710 τοῖς
298 672 407 704 ε’πάνω
435 674 568 714 χρόνοις
597 671 727 704 συνέσει
756 671 809 703 καὶ
839 672 1000 713 φρονήσει
1027 672 1097 704 δια-

79 725 195 767 φέρειν
227 725 494 766 πεπιστευμένων
527 726 731 766 συμβουλία,
764 724 817 756 καὶ
852 726 924 756 τότε
957 725 1097 766 μάλιστα

79 779 247 816 δοξάντων
276 778 482 820 ἁρμοζόντως
510 777 619 818 λέγειν
647 784 716 815 τοῖς
743 781 922 819 παροῦσιν,
956 779 991 809 οἳ
1021 777 1094 818 μήτ’

79 831 284 872 ἀποπέμπειν
312 833 440 872 ἔφασαν
469 832 540 862 δεῖν
569 831 629 871 τὴν
659 831 801 871 κιβωτὸν
830 831 909 871 μήτε
937 829 1096 871 κατέχειν,

40 894 64 913 1⁵
79 884 161 916 ἀλλὰ
185 883 281 916 πέντε
305 883 365 925 μὲν
389 883 589 925 ἀνδριάντας
614 881 696 925 ὑπὲρ
719 882 855 924 ἑκάστης
873 885 999 921 πόλεως
1018 896 1095 926 χρυ-

78 942 157 975 σοῦς
181 937 357 969 ἀναθεῖναι
386 942 430 980 τῷ
458 940 527 980 θεῷ
551 937 778 978 χαριστήριον,
809 937 858 968 ὅτι
887 939 1096 979 προυνόησεν

77 991 186 1022 αὐτῶν
214 995 272 1032 τῆς
299 992 461 1032 σωτηρίας
489 989 543 1022 καὶ
570 989 726 1031 κατέσχεν
755 989 791 1022 ἐν
815 995 859 1033 τῷ
888 992 950 1034 βίῳ
979 991 1095 1022 διωκο-

77 1043 197 1085 μένους
221 1043 253 1082 ἐξ
277 1044 380 1076 αὐτοῦ
403 1045 600 1085 παθήμασιν
624 1039 674 1081 οἷς
696 1042 802 1075 οὐκέτ’
824 1041 866 1084 ἧν
889 1043 1095 1085 ἀντιβλέψαι,

76 1098 254 1135 τοσούτους
280 1096 316 1129 δὲ
340 1098 398 1129 τὸν
417 1097 564 1138 ἀριθμὸν
583 1101 645 1138 μῦς
664 1101 808 1138 χρυσοῦς
828 1102 896 1134 τοῖς
914 1109 1095 1139 κατανεμη-

36 1158 62 1178 20
76 1153 188 1182 θεῖσιν
220 1150 331 1182 αὐτῶν
358 1149 412 1182 καὶ
441 1151 659 1191 διαφθείρασι
692 1150 753 1191 τὴν
786 1151 898 1192 χώραν
929 1150 1094 1192 ἐμφερεῖς·

77 1203 162 1244 <11>
179 1205 288 1235 ἔπειτα
304 1205 466 1244 βαλόντας
485 1205 531 1241 εἰς
550 1204 785 1245 γλωσσόκομον
804 1203 925 1241 αὐτοὺς
943 1202 997 1235 καὶ
1016 1203 1094 1235 θέν-

76 1268 134 1294 τας
149 1255 199 1287 έπὶ
215 1257 276 1297 τὴν
290 1258 441 1298 κιβωτόν,
461 1256 588 1298 ἄμαξαν
603 1257 684 1297 αὐτῇ
705 1257 824 1297 καινὴν
842 1256 1094 1295 κατασκευάσαι,

75 1308 130 1340 καὶ
159 1311 239 1350 βοῦς
269 1310 508 1348 ὑποζεύξαντας
541 1310 747 1350 ἀρτιτόκους,
780 1311 838 1347 τὰς
870 1308 931 1350 μὲν
963 1311 1094 1351 πόρτεις

77 1362 239 1402 ἐγκλεῖσαι
267 1362 322 1394 καὶ
349 1369 537 1404 κατασχεῖν,
571 1363 614 1403 μὴ
647 1368 719 1400 ταῖς
751 1363 912 1404 μητράσιν
941 1362 1094 1404 ἐμποδὼν

36 1424 61 1443 25
76 1414 231 1457 ἑπόμεναι
256 1415 428 1456 γένωνται,
451 1417 547 1459 πόθῳ
569 1414 598 1446 δ’
621 1415 731 1447 αὐτῶν
755 1415 913 1457 ὀξυτέραν
934 1422 1093 1447 ποιῶνται

75 1469 135 1509 τὴν
158 1471 311 1511 πορειάν,
341 1468 467 1506 ἐκείνας
491 1468 521 1500 δ’
548 1468 762 1507 ἐξελάσαντας
786 1469 846 1509 τὴν
869 1470 1011 1509 κιβωτὸν
1036 1481 1093 1510 φε-

76 1523 197 1563 ρούσας
226 1521 277 1554 ἐπὶ
306 1523 442 1563 τριόδου
471 1525 678 1561 καταλιπεῖν,
712 1522 827 1559 αὐταῖς
856 1520 1094 1563 ἐπιτρέψαντας

75 1574 116 1615 ἣν
140 1576 318 1616 βούλονται
342 1582 409 1607 τῶν
433 1576 522 1608 ὁδῶν
546 1575 718 1607 ἀπελθεῖν·
750 1575 835 1615 <12>
859 1574 921 1607 κᾶν
948 1573 1009 1616 μὲν
1032 1576 1093 1616 τὴν

72 1626 233 1669 Ἐβραίων
257 1629 399 1660 ἀπίωσιν
422 1627 475 1660 καὶ
496 1629 557 1669 τὴν
576 1629 704 1660 τούτων
723 1629 835 1669 χώραν
856 1628 1092 1669 ἀναβαίνωσιν,

38 1689 63 1708 80
75 1681 323 1723 ὑπολαμβάνειν
346 1683 406 1723 τὴν
429 1683 571 1723 κιβωτὸν
595 1682 705 1713 αἰτίαν
729 1682 855 1713 τούτων
879 1687 946 1713 τῶν
969 1687 1091 1712 κακῶν·

145 1745 159 1774 ς
177 1746 208 1768 10
230 1756 261 1765 =
284 1747 295 1769 1
318 1744 386 1776 Reg„
406 1743 444 1769 VI
463 1746 486 1768 4.

894 1785 928 1812 l*
